Door,Account,Invoice #,Order Date,Status,Day,Week,Month,Quarter,Year,Deal?,SKU,Implied,Discount,Order,# Units,Gross Sales,Net Sales,$ Credit,Net Sales,$ Free,$ Discount,$ Promo
The Dispensary Henderson,The Dispensary,18732,3/30/21,Delivered,4/2/21,13,4,2,2021,,Grapefruit Rosemary 8oz 6pk,$9.00,,$9.00,40,$360.00,$360.00,($90.00),$270.00,-- ,-- ,-- 
Apothecarium,Apothecarium,18806,3/30/21,Delivered,4/6/21,14,4,2,2021,,Lemon Lavender 8oz 6pk,$9.00,,$9.00,120,"$1,080.00","$1,080.00",-- ,"$1,080.00",-- ,-- ,-- 
Apothecarium,Apothecarium,18806,3/30/21,Delivered,4/6/21,14,4,2,2021,,Blood Orange Cardamom 8oz 6pk,$9.00,,$9.00,120,"$1,080.00","$1,080.00",-- ,"$1,080.00",-- ,-- ,-- 
Apothecarium,Apothecarium,18806,3/30/21,Delivered,4/6/21,14,4,2,2021,,Grapefruit Rosemary 8oz 6pk,$9.00,,$9.00,80,$720.00,$720.00,-- ,$720.00,-- ,-- ,-- 
Apothecarium,Apothecarium,18806,3/30/21,Delivered,4/6/21,14,4,2,2021,,Ginger Lemongrass 8oz 4pk,$7.00,,$7.00,50,$350.00,$350.00,-- ,$350.00,-- ,-- ,-- 
The Source Henderson,The Source,18808,3/31/21,Delivered,4/6/21,14,4,2,2021,Free,Lemon Lavender 8oz 6pk,$0.01,,$0.01,25,$225.00,$0.25,-- ,$0.25,($225),-- ,-- 
The Source Henderson,The Source,18808,3/31/21,Delivered,4/6/21,14,4,2,2021,Free,Grapefruit Rosemary 8oz 6pk,$0.01,,$0.01,25,$225.00,$0.25,-- ,$0.25,($225),-- ,-- 
The Source Rainbow,The Source,18809,3/31/21,Delivered,4/6/21,14,4,2,2021,Free,Lemon Lavender 8oz 6pk,$0.01,,$0.01,25,$225.00,$0.25,-- ,$0.25,($225),-- ,-- 
The Source Rainbow,The Source,18809,3/31/21,Delivered,4/6/21,14,4,2,2021,Free,Grapefruit Rosemary 8oz 6pk,$0.01,,$0.01,25,$225.00,$0.25,-- ,$0.25,($225),-- ,-- 
Thrive Reno,Thrive,18617,3/10/21,Delivered,4/9/21,14,4,2,2021,,Ginger Lemongrass 12oz Single,$3.00,,$3.00,100,$300.00,$300.00,-- ,$300.00,-- ,-- ,-- 
Essence Strip,GTI,18623,3/11/21,Delivered,4/9/21,14,4,2,2021,,Ginger Lemongrass 12oz Single,$3.00,,$3.00,50,$150.00,$150.00,-- ,$150.00,-- ,-- ,-- 
Essence Strip,GTI,18623,3/18/21,Delivered,4/9/21,14,4,2,2021,,Lemon Lavender 8oz 6pk,$9.00,,$9.00,15,$135.00,$135.00,-- ,$135.00,-- ,-- ,-- 
Essence Strip,GTI,18623,3/18/21,Delivered,4/9/21,14,4,2,2021,,Blood Orange Cardamom 8oz 6pk,$9.00,,$9.00,15,$135.00,$135.00,-- ,$135.00,-- ,-- ,-- 
Rise Carson City,GTI,18625,3/11/21,Delivered,4/9/21,14,4,2,2021,,Ginger Lemongrass 12oz Single,$3.00,,$3.00,200,$600.00,$600.00,-- ,$600.00,-- ,-- ,-- 
Rise Carson City,GTI,18625,3/11/21,Delivered,4/9/21,14,4,2,2021,Promo,Ginger Lemongrass 12oz Single,$0.01,,$0.01,30,-- ,$0.30,-- ,$0.30,-- ,-- ,($90)
Rise Carson City,GTI,18625,3/18/21,Delivered,4/9/21,14,4,2,2021,,Lemon Lavender 8oz 6pk,$9.00,,$9.00,60,$540.00,$540.00,-- ,$540.00,-- ,-- ,-- 
Rise Carson City,GTI,18625,3/18/21,Delivered,4/9/21,14,4,2,2021,,Blood Orange Cardamom 8oz 6pk,$9.00,,$9.00,90,$810.00,$810.00,-- ,$810.00,-- ,-- ,-- 
Rise Carson City,GTI,18625,3/18/21,Delivered,4/9/21,14,4,2,2021,,Grapefruit Rosemary 8oz 6pk,$9.00,,$9.00,30,$270.00,$270.00,-- ,$270.00,-- ,-- ,-- 
Rise Carson City,GTI,18625,3/30/21,Delivered,4/9/21,14,4,2,2021,Promo,Lemon Lavender 8oz Single,$0.01,,$0.01,300,-- ,$3.00,-- ,$3.00,-- ,-- ,($447)
Rise Carson City,GTI,18625,3/30/21,Delivered,4/9/21,14,4,2,2021,Promo,Blood Orange Cardamom 8oz Single,$0.01,,$0.01,300,-- ,$3.00,-- ,$3.00,-- ,-- ,($447)
Rise Carson City,GTI,18625,3/30/21,Delivered,4/9/21,14,4,2,2021,Promo,Grapefruit Rosemary 8oz Single,$0.01,,$0.01,300,-- ,$3.00,-- ,$3.00,-- ,-- ,($447)
Rise Spanish Springs,GTI,18626,3/11/21,Delivered,4/9/21,14,4,2,2021,,Ginger Lemongrass 12oz Single,$3.00,,$3.00,130,$390.00,$390.00,-- ,$390.00,-- ,-- ,-- 
Rise Spanish Springs,GTI,18626,3/11/21,Delivered,4/9/21,14,4,2,2021,Promo,Ginger Lemongrass 12oz Single,$0.01,,$0.01,10,-- ,$0.10,-- ,$0.10,-- ,-- ,($30)
Rise Spanish Springs,GTI,18626,3/18/21,Delivered,4/9/21,14,4,2,2021,,Lemon Lavender 8oz 6pk,$9.00,,$9.00,30,$270.00,$270.00,-- ,$270.00,-- ,-- ,-- 
Rise Spanish Springs,GTI,18626,3/18/21,Delivered,4/9/21,14,4,2,2021,,Blood Orange Cardamom 8oz 6pk,$9.00,,$9.00,30,$270.00,$270.00,-- ,$270.00,-- ,-- ,-- 
Essence Henderson,GTI,18810,3/30/21,Delivered,4/9/21,14,4,2,2021,Promo,Lemon Lavender 8oz Single,$0.01,,$0.01,600,-- ,$6.00,-- ,$6.00,-- ,-- ,($894)
Essence Henderson,GTI,18810,3/30/21,Delivered,4/9/21,14,4,2,2021,Promo,Blood Orange Cardamom 8oz Single,$0.01,,$0.01,600,-- ,$6.00,-- ,$6.00,-- ,-- ,($894)
Essence Henderson,GTI,18810,3/30/21,Delivered,4/9/21,14,4,2,2021,Promo,Grapefruit Rosemary 8oz Single,$0.01,,$0.01,600,-- ,$6.00,-- ,$6.00,-- ,-- ,($894)
Essence Tropicana,GTI,18811,3/30/21,Delivered,4/9/21,14,4,2,2021,Promo,Lemon Lavender 8oz Single,$0.01,,$0.01,300,-- ,$3.00,-- ,$3.00,-- ,-- ,($447)
Essence Tropicana,GTI,18811,3/30/21,Delivered,4/9/21,14,4,2,2021,Promo,Blood Orange Cardamom 8oz Single,$0.01,,$0.01,300,-- ,$3.00,-- ,$3.00,-- ,-- ,($447)
Essence Tropicana,GTI,18811,3/30/21,Delivered,4/9/21,14,4,2,2021,Promo,Grapefruit Rosemary 8oz Single,$0.01,,$0.01,300,-- ,$3.00,-- ,$3.00,-- ,-- ,($447)
Essence Durango,GTI,18812,3/30/21,Delivered,4/9/21,14,4,2,2021,Promo,Lemon Lavender 8oz Single,$0.01,,$0.01,300,-- ,$3.00,-- ,$3.00,-- ,-- ,($447)
Essence Durango,GTI,18812,3/30/21,Delivered,4/9/21,14,4,2,2021,Promo,Blood Orange Cardamom 8oz Single,$0.01,,$0.01,300,-- ,$3.00,-- ,$3.00,-- ,-- ,($447)
Essence Durango,GTI,18812,3/30/21,Delivered,4/9/21,14,4,2,2021,Promo,Grapefruit Rosemary 8oz 6pk,$0.01,,$0.01,300,-- ,$3.00,-- ,$3.00,-- ,-- ,"($2,697)"
Mynt North,Mynt,18841,4/4/21,Delivered,4/9/21,14,4,2,2021,,Lemon Lavender 8oz 6pk,$9.00,,$9.00,35,$315.00,$315.00,-- ,$315.00,-- ,-- ,-- 
Mynt North,Mynt,18841,4/4/21,Delivered,4/9/21,14,4,2,2021,,Blood Orange Cardamom 8oz 6pk,$9.00,,$9.00,20,$180.00,$180.00,-- ,$180.00,-- ,-- ,-- 
The Dispensary Reno,The Dispensary,18842,4/4/21,Delivered,4/9/21,14,4,2,2021,,Lemon Lavender 8oz 6pk,$9.00,,$9.00,40,$360.00,$360.00,-- ,$360.00,-- ,-- ,-- 
The Dispensary Reno,The Dispensary,18842,4/4/21,Delivered,4/9/21,14,4,2,2021,,Blood Orange Cardamom 8oz 6pk,$9.00,,$9.00,30,$270.00,$270.00,-- ,$270.00,-- ,-- ,-- 
The Dispensary Reno,The Dispensary,18842,4/4/21,Delivered,4/9/21,14,4,2,2021,,Grapefruit Rosemary 8oz 6pk,$9.00,,$9.00,30,$270.00,$270.00,-- ,$270.00,-- ,-- ,-- 
The Dispensary Henderson,The Dispensary,18843,4/4/21,Delivered,4/9/21,14,4,2,2021,,Lemon Lavender 8oz 6pk,$9.00,,$9.00,60,$540.00,$540.00,-- ,$540.00,-- ,-- ,-- 
The Dispensary Henderson,The Dispensary,18843,4/4/21,Delivered,4/9/21,14,4,2,2021,,Blood Orange Cardamom 8oz 6pk,$9.00,,$9.00,50,$450.00,$450.00,-- ,$450.00,-- ,-- ,-- 
The Dispensary Henderson,The Dispensary,18843,4/4/21,Delivered,4/9/21,14,4,2,2021,,Grapefruit Rosemary 8oz 6pk,$9.00,,$9.00,50,$450.00,$450.00,-- ,$450.00,-- ,-- ,-- 
The Dispensary Las Vegas,The Dispensary,18844,4/4/21,Delivered,4/9/21,14,4,2,2021,,Lemon Lavender 8oz 6pk,$9.00,,$9.00,35,$315.00,$315.00,-- ,$315.00,-- ,-- ,-- 
The Dispensary Las Vegas,The Dispensary,18844,4/4/21,Delivered,4/9/21,14,4,2,2021,,Blood Orange Cardamom 8oz 6pk,$9.00,,$9.00,25,$225.00,$225.00,-- ,$225.00,-- ,-- ,-- 
The Dispensary Las Vegas,The Dispensary,18844,4/4/21,Delivered,4/9/21,14,4,2,2021,,Grapefruit Rosemary 8oz 6pk,$9.00,,$9.00,25,$225.00,$225.00,-- ,$225.00,-- ,-- ,-- 
NuWu,Nuwu,18854,4/5/21,Delivered,4/12/21,15,4,2,2021,,Lemon Lavender 8oz 6pk,$9.00,$8.00,$8.00,60,$540.00,$480.00,-- ,$480.00,-- ,($60),-- 
NuWu,Nuwu,18854,4/5/21,Delivered,4/12/21,15,4,2,2021,,Blood Orange Cardamom 8oz 6pk,$9.00,$8.00,$8.00,60,$540.00,$480.00,-- ,$480.00,-- ,($60),-- 
NuWu,Nuwu,18854,4/5/21,Delivered,4/12/21,15,4,2,2021,,Grapefruit Rosemary 8oz 6pk,$9.00,$8.00,$8.00,60,$540.00,$480.00,-- ,$480.00,-- ,($60),-- 
NuWu,Nuwu,18854,4/5/21,Delivered,4/12/21,15,4,2,2021,Free,Lemon Lavender 8oz 6pk,$0.01,,$0.01,8,$72.00,$0.08,-- ,$0.08,($72),-- ,-- 
NuWu,Nuwu,18854,4/5/21,Delivered,4/12/21,15,4,2,2021,Free,Grapefruit Rosemary 8oz 6pk,$0.01,,$0.01,4,$36.00,$0.04,-- ,$0.04,($36),-- ,-- 
Essence Henderson,GTI,18855,4/5/21,Delivered,4/14/21,15,4,2,2021,,Lemon Lavender 8oz 6pk,$9.00,,$9.00,55,$495.00,$495.00,-- ,$495.00,-- ,-- ,-- 
Essence Henderson,GTI,18855,4/5/21,Delivered,4/14/21,15,4,2,2021,,Blood Orange Cardamom 8oz 6pk,$9.00,,$9.00,70,$630.00,$630.00,-- ,$630.00,-- ,-- ,-- 
Essence Henderson,GTI,18855,4/5/21,Delivered,4/14/21,15,4,2,2021,,Grapefruit Rosemary 8oz 6pk,$9.00,,$9.00,25,$225.00,$225.00,-- ,$225.00,-- ,-- ,-- 
Essence Henderson,GTI,18855,4/5/21,Delivered,4/14/21,15,4,2,2021,,Ginger Lemongrass 8oz 4pk,$7.00,,$7.00,35,$245.00,$245.00,-- ,$245.00,-- ,-- ,-- 
Essence Tropicana,GTI,18857,4/5/21,Delivered,4/14/21,15,4,2,2021,,Lemon Lavender 8oz 6pk,$9.00,,$9.00,40,$360.00,$360.00,-- ,$360.00,-- ,-- ,-- 
Essence Tropicana,GTI,18857,4/5/21,Delivered,4/14/21,15,4,2,2021,,Grapefruit Rosemary 8oz 6pk,$9.00,,$9.00,25,$225.00,$225.00,-- ,$225.00,-- ,-- ,-- 
Essence Tropicana,GTI,18857,4/5/21,Delivered,4/14/21,15,4,2,2021,,Ginger Lemongrass 8oz 4pk,$7.00,,$7.00,10,$70.00,$70.00,-- ,$70.00,-- ,-- ,-- 
Essence Rainbow,GTI,18858,4/5/21,Delivered,4/14/21,15,4,2,2021,,Lemon Lavender 8oz 6pk,$9.00,,$9.00,30,$270.00,$270.00,-- ,$270.00,-- ,-- ,-- 
Essence Rainbow,GTI,18858,4/5/21,Delivered,4/14/21,15,4,2,2021,,Blood Orange Cardamom 8oz 6pk,$9.00,,$9.00,55,$495.00,$495.00,-- ,$495.00,-- ,-- ,-- 
Essence Rainbow,GTI,18858,4/5/21,Delivered,4/14/21,15,4,2,2021,,Grapefruit Rosemary 8oz 6pk,$9.00,,$9.00,60,$540.00,$540.00,-- ,$540.00,-- ,-- ,-- 
Essence Rainbow,GTI,18858,4/5/21,Delivered,4/14/21,15,4,2,2021,,Ginger Lemongrass 12oz Single,$3.00,,$3.00,45,$135.00,$135.00,-- ,$135.00,-- ,-- ,-- 
Essence Rainbow,GTI,18858,4/5/21,Delivered,4/14/21,15,4,2,2021,,Ginger Lemongrass 8oz 4pk,$7.00,,$7.00,40,$280.00,$280.00,-- ,$280.00,-- ,-- ,-- 
Essence Rainbow,GTI,18858,4/5/21,Delivered,4/14/21,15,4,2,2021,Promo,Lemon Lavender 8oz Single,$0.01,,$0.01,100,-- ,$1.00,-- ,$1.00,-- ,-- ,($149)
Essence Rainbow,GTI,18858,4/5/21,Delivered,4/14/21,15,4,2,2021,Promo,Blood Orange Cardamom 8oz Single,$0.01,,$0.01,150,-- ,$1.50,-- ,$1.50,-- ,-- ,($224)
Essence Rainbow,GTI,18858,4/5/21,Delivered,4/14/21,15,4,2,2021,Promo,Grapefruit Rosemary 8oz Single,$0.01,,$0.01,50,-- ,$0.50,-- ,$0.50,-- ,-- ,($75)
Rise Spanish Springs,GTI,18863,4/5/21,Delivered,4/14/21,15,4,2,2021,,Lemon Lavender 8oz 6pk,$9.00,,$9.00,60,$540.00,$540.00,-- ,$540.00,-- ,-- ,-- 
Rise Spanish Springs,GTI,18863,4/5/21,Delivered,4/14/21,15,4,2,2021,,Blood Orange Cardamom 8oz 6pk,$9.00,,$9.00,16,$144.00,$144.00,-- ,$144.00,-- ,-- ,-- 
Rise Spanish Springs,GTI,18863,4/5/21,Delivered,4/14/21,15,4,2,2021,,Grapefruit Rosemary 8oz 6pk,$9.00,,$9.00,85,$765.00,$765.00,-- ,$765.00,-- ,-- ,-- 
Rise Spanish Springs,GTI,18863,4/5/21,Delivered,4/14/21,15,4,2,2021,,Ginger Lemongrass 8oz 4pk,$7.00,,$7.00,10,$70.00,$70.00,-- ,$70.00,-- ,-- ,-- 
The Source Henderson,The Source,18865,3/31/21,Delivered,4/14/21,15,4,2,2021,,Lemon Lavender 8oz 6pk,$9.00,,$9.00,60,$540.00,$540.00,-- ,$540.00,-- ,-- ,-- 
The Source Henderson,The Source,18865,3/31/21,Delivered,4/14/21,15,4,2,2021,,Grapefruit Rosemary 8oz 6pk,$9.00,,$9.00,30,$270.00,$270.00,-- ,$270.00,-- ,-- ,-- 
The Source Henderson,The Source,18865,3/31/21,Delivered,4/14/21,15,4,2,2021,,Ginger Lemongrass 8oz 4pk,$7.00,,$7.00,20,$140.00,$140.00,-- ,$140.00,-- ,-- ,-- 
The Source Henderson,The Source,18865,3/31/21,Delivered,4/14/21,15,4,2,2021,,Ginger Lemongrass 12oz Single,$3.00,,$3.00,48,$144.00,$144.00,-- ,$144.00,-- ,-- ,-- 
The Source Rainbow,The Source,18866,3/31/21,Delivered,4/14/21,15,4,2,2021,,Lemon Lavender 8oz 6pk,$9.00,,$9.00,80,$720.00,$720.00,-- ,$720.00,-- ,-- ,-- 
The Source Rainbow,The Source,18866,3/31/21,Delivered,4/14/21,15,4,2,2021,,Grapefruit Rosemary 8oz 6pk,$9.00,,$9.00,40,$360.00,$360.00,-- ,$360.00,-- ,-- ,-- 
The Source Rainbow,The Source,18866,3/31/21,Delivered,4/14/21,15,4,2,2021,,Ginger Lemongrass 8oz 4pk,$7.00,,$7.00,30,$210.00,$210.00,-- ,$210.00,-- ,-- ,-- 
The Source Rainbow,The Source,18866,3/31/21,Delivered,4/14/21,15,4,2,2021,,Ginger Lemongrass 12oz Single,$3.00,,$3.00,72,$216.00,$216.00,-- ,$216.00,-- ,-- ,-- 
Apothecarium,Apothecarium,18807,3/30/21,Delivered,4/16/21,15,4,2,2021,Free,Lemon Lavender 8oz 6pk,$0.01,,$0.01,80,$720.00,$0.80,-- ,$0.80,($719),-- ,-- 
Apothecarium,Apothecarium,18807,3/30/21,Delivered,4/16/21,15,4,2,2021,Free,Grapefruit Rosemary 8oz 6pk,$0.01,,$0.01,20,$180.00,$0.20,-- ,$0.20,($180),-- ,-- 
Rise Carson City,GTI,18864,4/5/21,Delivered,4/16/21,15,4,2,2021,,Lemon Lavender 8oz 6pk,$9.00,,$9.00,80,$720.00,$720.00,-- ,$720.00,-- ,-- ,-- 
Rise Carson City,GTI,18864,4/5/21,Delivered,4/16/21,15,4,2,2021,,Blood Orange Cardamom 8oz 6pk,$9.00,,$9.00,55,$495.00,$495.00,-- ,$495.00,-- ,-- ,-- 
Rise Carson City,GTI,18864,4/5/21,Delivered,4/16/21,15,4,2,2021,,Grapefruit Rosemary 8oz 6pk,$9.00,,$9.00,55,$495.00,$495.00,-- ,$495.00,-- ,-- ,-- 
Rise Carson City,GTI,18864,4/5/21,Delivered,4/16/21,15,4,2,2021,,Ginger Lemongrass 8oz 4pk,$7.00,,$7.00,60,$420.00,$420.00,-- ,$420.00,-- ,-- ,-- 
Jardin,Jardin,18904,4/5/21,Delivered,4/16/21,15,4,2,2021,,Lemon Lavender 8oz 6pk,$9.00,,$9.00,150,"$1,350.00","$1,350.00",($360.00),$990.00,-- ,-- ,-- 
Jardin,Jardin,18904,4/9/21,Delivered,4/16/21,15,4,2,2021,,Grapefruit Rosemary 8oz 6pk,$9.00,,$9.00,50,$450.00,$450.00,-- ,$450.00,-- ,-- ,-- 
Jardin,Jardin,18904,4/9/21,Delivered,4/16/21,15,4,2,2021,Promo,Lemon Lavender 8oz Single,$0.01,,$0.01,30,-- ,$0.30,-- ,$0.30,-- ,-- ,($45)
Jardin,Jardin,18904,4/9/21,Delivered,4/16/21,15,4,2,2021,Promo,Blood Orange Cardamom 8oz Single,$0.01,,$0.01,30,-- ,$0.30,-- ,$0.30,-- ,-- ,($45)
Jardin,Jardin,18904,4/9/21,Delivered,4/16/21,15,4,2,2021,Promo,Grapefruit Rosemary 8oz Single,$0.01,,$0.01,40,-- ,$0.40,-- ,$0.40,-- ,-- ,($60)
Jardin,Jardin,18904,4/9/21,Delivered,4/16/21,15,4,2,2021,Promo,Ginger Lemongrass 12oz Single,$0.01,,$0.01,72,-- ,$0.72,-- ,$0.72,-- ,-- ,($215)
Thrive Southern Highlands,Thrive,18906,4/12/21,Delivered,4/16/21,15,4,2,2021,,Lemon Lavender 8oz 6pk,$9.00,,$9.00,60,$540.00,$540.00,-- ,$540.00,-- ,-- ,-- 
Thrive Southern Highlands,Thrive,18906,4/12/21,Delivered,4/16/21,15,4,2,2021,,Ginger Lemongrass 8oz 4pk,$7.00,,$7.00,30,$210.00,$210.00,-- ,$210.00,-- ,-- ,-- 
Jenny's Dispensary North Las Vegas,Jenny's Dispensary,18938,4/12/21,Delivered,4/20/21,16,4,2,2021,,Lemon Lavender 8oz 6pk,$9.00,,$9.00,60,$540.00,$540.00,-- ,$540.00,-- ,-- ,-- 
Jenny's Dispensary North Las Vegas,Jenny's Dispensary,18938,4/12/21,Delivered,4/20/21,16,4,2,2021,,Grapefruit Rosemary 8oz 6pk,$9.00,,$9.00,40,$360.00,$360.00,-- ,$360.00,-- ,-- ,-- 
Jenny's Dispensary North Las Vegas,Jenny's Dispensary,18938,4/12/21,Delivered,4/20/21,16,4,2,2021,Free,Ginger Lemongrass 12oz Single,$0.01,,$0.01,24,$72.00,$0.24,-- ,$0.24,($72),-- ,-- 
Pisos,Pisos,18971,4/14/21,Delivered,4/20/21,16,4,2,2021,,Lemon Lavender 8oz 6pk,$9.00,,$9.00,36,$324.00,$324.00,-- ,$324.00,-- ,-- ,-- 
Pisos,Pisos,18971,4/14/21,Delivered,4/20/21,16,4,2,2021,,Blood Orange Cardamom 8oz 6pk,$9.00,,$9.00,36,$324.00,$324.00,-- ,$324.00,-- ,-- ,-- 
Pisos,Pisos,18971,4/14/21,Delivered,4/20/21,16,4,2,2021,,Grapefruit Rosemary 8oz 6pk,$9.00,,$9.00,16,$144.00,$144.00,-- ,$144.00,-- ,-- ,-- 
Pisos,Pisos,18971,4/14/21,Delivered,4/20/21,16,4,2,2021,Promo,Ginger Lemongrass 12oz Single,$0.01,,$0.01,24,-- ,$0.24,-- ,$0.24,-- ,-- ,($72)
Jenny's Dispensary North Las Vegas,Jenny's Dispensary,18995,4/12/21,Delivered,4/20/21,16,4,2,2021,Free,Lemon Lavender 8oz 6pk,$0.01,,$0.01,4,$36.00,$0.04,-- ,$0.04,($36),-- ,-- 
Jenny's Dispensary North Las Vegas,Jenny's Dispensary,18995,4/12/21,Delivered,4/20/21,16,4,2,2021,Free,Blood Orange Cardamom 8oz 6pk,$0.01,,$0.01,4,$36.00,$0.04,-- ,$0.04,($36),-- ,-- 
Jenny's Dispensary North Las Vegas,Jenny's Dispensary,18995,4/12/21,Delivered,4/20/21,16,4,2,2021,Free,Grapefruit Rosemary 8oz 6pk,$0.01,,$0.01,4,$36.00,$0.04,-- ,$0.04,($36),-- ,-- 
Jenny's Dispensary North Las Vegas,Jenny's Dispensary,18995,4/12/21,Delivered,4/20/21,16,4,2,2021,,Blood Orange Cardamom 8oz 6pk,$9.00,,$9.00,60,$540.00,$540.00,-- ,$540.00,-- ,-- ,-- 
Las Vegas ReLeaf,Las Vegas Releaf,18972,4/12/21,Delivered,4/21/21,16,4,2,2021,,Lemon Lavender 8oz 6pk,$9.00,,$9.00,20,$180.00,$180.00,($302.81),-$122.81,-- ,-- ,-- 
Las Vegas ReLeaf,Las Vegas Releaf,18972,4/12/21,Delivered,4/21/21,16,4,2,2021,,Blood Orange Cardamom 8oz 6pk,$9.00,,$9.00,20,$180.00,$180.00,-- ,$180.00,-- ,-- ,-- 
Las Vegas ReLeaf,Las Vegas Releaf,18972,4/12/21,Delivered,4/21/21,16,4,2,2021,,Grapefruit Rosemary 8oz 6pk,$9.00,,$9.00,20,$180.00,$180.00,-- ,$180.00,-- ,-- ,-- 
Las Vegas ReLeaf,Las Vegas Releaf,18972,4/12/21,Delivered,4/21/21,16,4,2,2021,,Ginger Lemongrass 8oz 4pk,$7.00,,$7.00,18,$126.00,$126.00,-- ,$126.00,-- ,-- ,-- 
Jardin,Jardin,18986,4/14/21,Delivered,4/21/21,16,4,2,2021,,Lemon Lavender 8oz 6pk,$9.00,,$9.00,100,$900.00,$900.00,-- ,$900.00,-- ,-- ,-- 
Reef Dispensaries,Reef Dispensaries,18977,3/31/21,Delivered,4/23/21,16,4,2,2021,,Lemon Lavender 8oz 6pk,$9.00,,$9.00,168,"$1,512.00","$1,512.00",-- ,"$1,512.00",-- ,-- ,-- 
Reef Dispensaries,Reef Dispensaries,18977,3/31/21,Delivered,4/23/21,16,4,2,2021,,Blood Orange Cardamom 8oz 6pk,$9.00,,$9.00,168,"$1,512.00","$1,512.00",-- ,"$1,512.00",-- ,-- ,-- 
Reef Dispensaries,Reef Dispensaries,18977,3/31/21,Delivered,4/23/21,16,4,2,2021,,Grapefruit Rosemary 8oz 6pk,$9.00,,$9.00,168,"$1,512.00","$1,512.00",-- ,"$1,512.00",-- ,-- ,-- 
Reef Dispensaries,Reef Dispensaries,18977,3/31/21,Delivered,4/23/21,16,4,2,2021,,Ginger Lemongrass 12oz Single,$3.00,,$3.00,168,$504.00,$504.00,-- ,$504.00,-- ,-- ,-- 
Reef Dispensaries,Reef Dispensaries,18977,3/31/21,Delivered,4/23/21,16,4,2,2021,,Ginger Lemongrass 8oz 4pk,$7.00,,$7.00,120,$840.00,$840.00,-- ,$840.00,-- ,-- ,-- 
Essence Strip,GTI,18856,4/21/21,Delivered,4/27/21,17,4,2,2021,,Blood Orange Cardamom 8oz 6pk,$9.00,,$9.00,10,$90.00,$90.00,-- ,$90.00,-- ,-- ,-- 
Essence Strip,GTI,18856,4/21/21,Delivered,4/27/21,17,4,2,2021,,Grapefruit Rosemary 8oz 6pk,$9.00,,$9.00,10,$90.00,$90.00,-- ,$90.00,-- ,-- ,-- 
Essence Strip,GTI,18856,4/21/21,Delivered,4/27/21,17,4,2,2021,,Lemon Lavender 8oz 6pk,$9.00,,$9.00,10,$90.00,$90.00,-- ,$90.00,-- ,-- ,-- 
Essence Durango,GTI,18862,4/5/21,Delivered,4/27/21,17,4,2,2021,,Lemon Lavender 8oz 6pk,$9.00,,$9.00,50,$450.00,$450.00,-- ,$450.00,-- ,-- ,-- 
Essence Durango,GTI,18862,4/5/21,Delivered,4/27/21,17,4,2,2021,,Blood Orange Cardamom 8oz 6pk,$9.00,,$9.00,25,$225.00,$225.00,-- ,$225.00,-- ,-- ,-- 
Essence Durango,GTI,18862,4/5/21,Delivered,4/27/21,17,4,2,2021,,Grapefruit Rosemary 8oz 6pk,$9.00,,$9.00,50,$450.00,$450.00,-- ,$450.00,-- ,-- ,-- 
Essence Durango,GTI,18862,4/5/21,Delivered,4/27/21,17,4,2,2021,,Ginger Lemongrass 12oz Single,$3.00,,$3.00,50,$150.00,$150.00,-- ,$150.00,-- ,-- ,-- 
Essence Durango,GTI,19035,4/21/21,Delivered,4/27/21,17,4,2,2021,,Lemon Lavender 8oz 6pk,$9.00,,$9.00,100,$900.00,$900.00,-- ,$900.00,-- ,-- ,-- 
Essence Durango,GTI,19035,4/21/21,Delivered,4/27/21,17,4,2,2021,,Blood Orange Cardamom 8oz 6pk,$9.00,,$9.00,60,$540.00,$540.00,-- ,$540.00,-- ,-- ,-- 
Essence Durango,GTI,19035,4/21/21,Delivered,4/27/21,17,4,2,2021,,Grapefruit Rosemary 8oz 6pk,$9.00,,$9.00,70,$630.00,$630.00,-- ,$630.00,-- ,-- ,-- 
Essence Durango,GTI,19035,4/21/21,Delivered,4/27/21,17,4,2,2021,,Ginger Lemongrass 8oz 4pk,$7.00,,$7.00,55,$385.00,$385.00,-- ,$385.00,-- ,-- ,-- 
Essence Durango,GTI,19035,4/21/21,Delivered,4/27/21,17,4,2,2021,,Ginger Lemongrass 12oz Single,$3.00,,$3.00,200,$600.00,$600.00,-- ,$600.00,-- ,-- ,-- 
Essence Rainbow,GTI,19037,4/21/21,Delivered,4/27/21,17,4,2,2021,,Lemon Lavender 8oz 6pk,$9.00,,$9.00,100,$900.00,$900.00,-- ,$900.00,-- ,-- ,-- 
Essence Rainbow,GTI,19037,4/21/21,Delivered,4/27/21,17,4,2,2021,,Blood Orange Cardamom 8oz 6pk,$9.00,,$9.00,45,$405.00,$405.00,-- ,$405.00,-- ,-- ,-- 
Essence Rainbow,GTI,19037,4/21/21,Delivered,4/27/21,17,4,2,2021,,Grapefruit Rosemary 8oz 6pk,$9.00,,$9.00,15,$135.00,$135.00,-- ,$135.00,-- ,-- ,-- 
Essence Rainbow,GTI,19037,4/21/21,Delivered,4/27/21,17,4,2,2021,,Ginger Lemongrass 8oz 4pk,$7.00,,$7.00,55,$385.00,$385.00,-- ,$385.00,-- ,-- ,-- 
Essence Rainbow,GTI,19037,4/21/21,Delivered,4/27/21,17,4,2,2021,,Ginger Lemongrass 12oz Single,$3.00,,$3.00,220,$660.00,$660.00,-- ,$660.00,-- ,-- ,-- 
Essence Rainbow,GTI,19037,4/21/21,Delivered,4/27/21,17,4,2,2021,Promo,Lemon Lavender 8oz Single,$0.01,,$0.01,200,-- ,$2.00,-- ,$2.00,-- ,-- ,($298)
Essence Rainbow,GTI,19037,4/21/21,Delivered,4/27/21,17,4,2,2021,Promo,Blood Orange Cardamom 8oz Single,$0.01,,$0.01,200,-- ,$2.00,-- ,$2.00,-- ,-- ,($298)
Essence Rainbow,GTI,19037,4/21/21,Delivered,4/27/21,17,4,2,2021,Promo,Grapefruit Rosemary 8oz Single,$0.01,,$0.01,200,-- ,$2.00,-- ,$2.00,-- ,-- ,($298)
Essence Henderson,GTI,19039,4/21/21,Delivered,4/27/21,17,4,2,2021,,Lemon Lavender 8oz 6pk,$9.00,,$9.00,55,$495.00,$495.00,-- ,$495.00,-- ,-- ,-- 
Essence Henderson,GTI,19039,4/21/21,Delivered,4/27/21,17,4,2,2021,,Blood Orange Cardamom 8oz 6pk,$9.00,,$9.00,60,$540.00,$540.00,-- ,$540.00,-- ,-- ,-- 
Essence Henderson,GTI,19039,4/21/21,Delivered,4/27/21,17,4,2,2021,,Grapefruit Rosemary 8oz 6pk,$9.00,,$9.00,30,$270.00,$270.00,-- ,$270.00,-- ,-- ,-- 
Essence Henderson,GTI,19039,4/21/21,Delivered,4/27/21,17,4,2,2021,,Ginger Lemongrass 12oz Single,$3.00,,$3.00,25,$75.00,$75.00,-- ,$75.00,-- ,-- ,-- 
Essence Henderson,GTI,19039,4/21/21,Delivered,4/27/21,17,4,2,2021,,Ginger Lemongrass 8oz 4pk,$7.00,,$7.00,40,$280.00,$280.00,-- ,$280.00,-- ,-- ,-- 
Essence Tropicana,GTI,19040,4/21/21,Delivered,4/27/21,17,4,2,2021,,Lemon Lavender 8oz 6pk,$9.00,,$9.00,45,$405.00,$405.00,-- ,$405.00,-- ,-- ,-- 
Essence Tropicana,GTI,19040,4/21/21,Delivered,4/27/21,17,4,2,2021,,Blood Orange Cardamom 8oz 6pk,$9.00,,$9.00,15,$135.00,$135.00,-- ,$135.00,-- ,-- ,-- 
Essence Tropicana,GTI,19040,4/21/21,Delivered,4/27/21,17,4,2,2021,,Grapefruit Rosemary 8oz 6pk,$9.00,,$9.00,25,$225.00,$225.00,-- ,$225.00,-- ,-- ,-- 
Essence Tropicana,GTI,19040,4/21/21,Delivered,4/27/21,17,4,2,2021,,Ginger Lemongrass 8oz 4pk,$7.00,,$7.00,55,$385.00,$385.00,-- ,$385.00,-- ,-- ,-- 
Essence Strip,GTI,19044,4/5/21,Delivered,4/27/21,17,4,2,2021,,Ginger Lemongrass 8oz 4pk,$7.00,,$7.00,15,$105.00,$105.00,-- ,$105.00,-- ,-- ,-- 
Essence Strip,GTI,19044,4/5/21,Delivered,4/27/21,17,4,2,2021,,Ginger Lemongrass 12oz Single,$3.00,,$3.00,35,$105.00,$105.00,-- ,$105.00,-- ,-- ,-- 
Essence Strip,GTI,19044,4/5/21,Delivered,4/27/21,17,4,2,2021,,Grapefruit Rosemary 8oz 6pk,$9.00,,$9.00,15,$135.00,$135.00,-- ,$135.00,-- ,-- ,-- 
Vegas Treehouse,Vegas Treehouse,19066,4/22/21,Delivered,4/27/21,17,4,2,2021,,Lemon Lavender 8oz 6pk,$9.00,,$9.00,18,$162.00,$162.00,-- ,$162.00,-- ,-- ,-- 
Vegas Treehouse,Vegas Treehouse,19066,4/22/21,Delivered,4/27/21,17,4,2,2021,,Blood Orange Cardamom 8oz 6pk,$9.00,,$9.00,18,$162.00,$162.00,-- ,$162.00,-- ,-- ,-- 
Vegas Treehouse,Vegas Treehouse,19066,4/22/21,Delivered,4/27/21,17,4,2,2021,,Grapefruit Rosemary 8oz 6pk,$9.00,,$9.00,18,$162.00,$162.00,-- ,$162.00,-- ,-- ,-- 
Vegas Treehouse,Vegas Treehouse,19066,4/22/21,Delivered,4/27/21,17,4,2,2021,Free,Blood Orange Cardamom 8oz 6pk,$0.01,,$0.01,10,$90.00,$0.10,-- ,$0.10,($90),-- ,-- 
Vegas Treehouse,Vegas Treehouse,19066,4/22/21,Delivered,4/27/21,17,4,2,2021,Free,Lemon Lavender 8oz 6pk,$0.01,,$0.01,10,$90.00,$0.10,-- ,$0.10,($90),-- ,-- 
Vegas Treehouse,Vegas Treehouse,19066,4/22/21,Delivered,4/27/21,17,4,2,2021,Free,Grapefruit Rosemary 8oz 6pk,$0.01,,$0.01,10,$90.00,$0.10,-- ,$0.10,($90),-- ,-- 
Vegas Treehouse,Vegas Treehouse,19066,4/22/21,Delivered,4/27/21,17,4,2,2021,,Ginger Lemongrass 12oz Single,$3.00,,$3.00,36,$108.00,$108.00,-- ,$108.00,-- ,-- ,-- 
Vegas Treehouse,Vegas Treehouse,19066,4/22/21,Delivered,4/27/21,17,4,2,2021,Free,Ginger Lemongrass 12oz Single,$0.01,,$0.01,48,$144.00,$0.48,-- ,$0.48,($144),-- ,-- 
Cultivate,Cultivate,19030,4/21/21,Delivered,4/28/21,17,4,2,2021,,Lemon Lavender 8oz 6pk,$9.00,,$9.00,24,$216.00,$216.00,-- ,$216.00,-- ,-- ,-- 
Cultivate,Cultivate,19030,4/21/21,Delivered,4/28/21,17,4,2,2021,,Blood Orange Cardamom 8oz 6pk,$9.00,,$9.00,24,$216.00,$216.00,-- ,$216.00,-- ,-- ,-- 
Cultivate,Cultivate,19030,4/21/21,Delivered,4/28/21,17,4,2,2021,,Grapefruit Rosemary 8oz 6pk,$9.00,,$9.00,24,$216.00,$216.00,-- ,$216.00,-- ,-- ,-- 
Cultivate,Cultivate,19030,4/21/21,Delivered,4/28/21,17,4,2,2021,,Ginger Lemongrass 8oz 4pk,$7.00,,$7.00,6,$42.00,$42.00,-- ,$42.00,-- ,-- ,-- 
Cultivate,Cultivate,19030,4/21/21,Delivered,4/28/21,17,4,2,2021,,Ginger Lemongrass 12oz Single,$3.00,,$3.00,24,$72.00,$72.00,-- ,$72.00,-- ,-- ,-- 
Cultivate,Cultivate,19030,4/21/21,Delivered,4/28/21,17,4,2,2021,Free,Lemon Lavender 8oz 6pk,$0.01,,$0.01,24,$216.00,$0.24,-- ,$0.24,($216),-- ,-- 
Cultivate,Cultivate,19030,4/21/21,Delivered,4/28/21,17,4,2,2021,Free,Blood Orange Cardamom 8oz 6pk,$0.01,,$0.01,24,$216.00,$0.24,-- ,$0.24,($216),-- ,-- 
Cultivate,Cultivate,19030,4/21/21,Delivered,4/28/21,17,4,2,2021,Free,Grapefruit Rosemary 8oz 6pk,$0.01,,$0.01,24,$216.00,$0.24,-- ,$0.24,($216),-- ,-- 
Cultivate,Cultivate,19030,4/21/21,Delivered,4/28/21,17,4,2,2021,Promo,Ginger Lemongrass 12oz Single,$0.01,,$0.01,48,-- ,$0.48,-- ,$0.48,-- ,-- ,($144)
Rise Carson City,GTI,19043,4/21/21,Delivered,4/28/21,17,4,2,2021,,Ginger Lemongrass 8oz 4pk,$7.00,,$7.00,45,$315.00,$315.00,-- ,$315.00,-- ,-- ,-- 
Rise Carson City,GTI,19043,4/21/21,Delivered,4/28/21,17,4,2,2021,Promo,Lemon Lavender 8oz Single,$0.01,,$0.01,300,-- ,$3.00,-- ,$3.00,-- ,-- ,($447)
Rise Carson City,GTI,19043,4/21/21,Delivered,4/28/21,17,4,2,2021,Promo,Blood Orange Cardamom 8oz Single,$0.01,,$0.01,300,-- ,$3.00,-- ,$3.00,-- ,-- ,($447)
Rise Carson City,GTI,19043,4/21/21,Delivered,4/28/21,17,4,2,2021,Promo,Grapefruit Rosemary 8oz Single,$0.01,,$0.01,300,-- ,$3.00,-- ,$3.00,-- ,-- ,($447)
Rise Spanish Springs,GTI,19047,4/21/21,Delivered,4/28/21,17,4,2,2021,,Blood Orange Cardamom 8oz 6pk,$9.00,,$9.00,50,$450.00,$450.00,-- ,$450.00,-- ,-- ,-- 
Rise Spanish Springs,GTI,19047,4/21/21,Delivered,4/28/21,17,4,2,2021,,Ginger Lemongrass 8oz 4pk,$7.00,,$7.00,40,$280.00,$280.00,-- ,$280.00,-- ,-- ,-- 
Rise Spanish Springs,GTI,19047,4/21/21,Delivered,4/28/21,17,4,2,2021,Promo,Lemon Lavender 8oz Single,$0.01,,$0.01,150,-- ,$1.50,-- ,$1.50,-- ,-- ,($224)
Rise Spanish Springs,GTI,19047,4/21/21,Delivered,4/28/21,17,4,2,2021,Promo,Blood Orange Cardamom 8oz Single,$0.01,,$0.01,150,-- ,$1.50,-- ,$1.50,-- ,-- ,($224)
Rise Spanish Springs,GTI,19047,4/21/21,Delivered,4/28/21,17,4,2,2021,Promo,Grapefruit Rosemary 8oz Single,$0.01,,$0.01,150,-- ,$1.50,-- ,$1.50,-- ,-- ,($224)
The Source Henderson,The Source,19064,4/21/21,Delivered,4/28/21,17,4,2,2021,,Lemon Lavender 8oz 6pk,$9.00,,$9.00,30,$270.00,$270.00,-- ,$270.00,-- ,-- ,-- 
The Source Henderson,The Source,19064,4/21/21,Delivered,4/28/21,17,4,2,2021,,Blood Orange Cardamom 8oz 6pk,$9.00,,$9.00,30,$270.00,$270.00,-- ,$270.00,-- ,-- ,-- 
The Source Henderson,The Source,19064,4/21/21,Delivered,4/28/21,17,4,2,2021,,Grapefruit Rosemary 8oz 6pk,$9.00,,$9.00,30,$270.00,$270.00,-- ,$270.00,-- ,-- ,-- 
The Source Henderson,The Source,19064,4/21/21,Delivered,4/28/21,17,4,2,2021,,Ginger Lemongrass 8oz 4pk,$7.00,,$7.00,20,$140.00,$140.00,-- ,$140.00,-- ,-- ,-- 
The Source Henderson,The Source,19064,4/21/21,Delivered,4/28/21,17,4,2,2021,,Ginger Lemongrass 12oz Single,$3.00,,$3.00,48,$144.00,$144.00,-- ,$144.00,-- ,-- ,-- 
The Source Rainbow,The Source,19065,4/21/21,Delivered,4/28/21,17,4,2,2021,,Lemon Lavender 8oz 6pk,$9.00,,$9.00,20,$180.00,$180.00,-- ,$180.00,-- ,-- ,-- 
The Source Rainbow,The Source,19065,4/21/21,Delivered,4/28/21,17,4,2,2021,,Blood Orange Cardamom 8oz 6pk,$9.00,,$9.00,20,$180.00,$180.00,-- ,$180.00,-- ,-- ,-- 
The Source Rainbow,The Source,19065,4/21/21,Delivered,4/28/21,17,4,2,2021,,Grapefruit Rosemary 8oz 6pk,$9.00,,$9.00,20,$180.00,$180.00,-- ,$180.00,-- ,-- ,-- 
The Source Rainbow,The Source,19065,4/21/21,Delivered,4/28/21,17,4,2,2021,,Ginger Lemongrass 8oz 4pk,$7.00,,$7.00,20,$140.00,$140.00,-- ,$140.00,-- ,-- ,-- 
The Source Rainbow,The Source,19065,4/21/21,Delivered,4/28/21,17,4,2,2021,,Ginger Lemongrass 12oz Single,$3.00,,$3.00,48,$144.00,$144.00,-- ,$144.00,-- ,-- ,-- 
The Source Rainbow,The Source,19065,4/21/21,Delivered,4/28/21,17,4,2,2021,,Lemon Lavender 8oz 6pk,$9.00,,$9.00,20,$180.00,$180.00,-- ,$180.00,-- ,-- ,-- 
The Source Rainbow,The Source,19065,4/21/21,Delivered,4/28/21,17,4,2,2021,,Blood Orange Cardamom 8oz 6pk,$9.00,,$9.00,20,$180.00,$180.00,-- ,$180.00,-- ,-- ,-- 
The Source Rainbow,The Source,19065,4/21/21,Delivered,4/28/21,17,4,2,2021,,Grapefruit Rosemary 8oz 6pk,$9.00,,$9.00,20,$180.00,$180.00,-- ,$180.00,-- ,-- ,-- 
The Source Rainbow,The Source,19065,4/21/21,Delivered,4/28/21,17,4,2,2021,,Ginger Lemongrass 8oz 4pk,$7.00,,$7.00,10,$70.00,$70.00,-- ,$70.00,-- ,-- ,-- 
The Source Rainbow,The Source,19065,4/21/21,Delivered,4/28/21,17,4,2,2021,,Ginger Lemongrass 12oz Single,$3.00,,$3.00,24,$72.00,$72.00,-- ,$72.00,-- ,-- ,-- 
The Dispensary Henderson,The Dispensary,19078,4/28/21,Delivered,4/28/21,17,4,2,2021,,Lemon Lavender 8oz 6pk,$9.00,,$9.00,108,$972.00,$972.00,($48.60),$923.40,-- ,-- ,-- 
The Dispensary Henderson,The Dispensary,19078,4/28/21,Delivered,4/28/21,17,4,2,2021,,Blood Orange Cardamom 8oz 6pk,$9.00,,$9.00,106,$954.00,$954.00,($48.60),$905.40,-- ,-- ,-- 
The Dispensary Henderson,The Dispensary,19078,4/28/21,Delivered,4/28/21,17,4,2,2021,,Grapefruit Rosemary 8oz 6pk,$9.00,,$9.00,78,$702.00,$702.00,($48.60),$653.40,-- ,-- ,-- 
The Dispensary Las Vegas,The Dispensary,19079,4/28/21,Delivered,4/28/21,17,4,2,2021,,Lemon Lavender 8oz 6pk,$9.00,,$9.00,18,$162.00,$162.00,($48.60),$113.40,-- ,-- ,-- 
The Dispensary Las Vegas,The Dispensary,19079,4/28/21,Delivered,4/28/21,17,4,2,2021,,Blood Orange Cardamom 8oz 6pk,$9.00,,$9.00,18,$162.00,$162.00,($48.60),$113.40,-- ,-- ,-- 
The Dispensary Las Vegas,The Dispensary,19079,4/28/21,Delivered,4/28/21,17,4,2,2021,,Grapefruit Rosemary 8oz 6pk,$9.00,,$9.00,18,$162.00,$162.00,($48.60),$113.40,-- ,-- ,-- 
Mynt North,Mynt,19075,4/25/21,Delivered,4/30/21,17,4,2,2021,,Lemon Lavender 8oz 6pk,$9.00,,$9.00,37,$333.00,$333.00,($48.60),$284.40,-- ,-- ,-- 
Mynt North,Mynt,19075,4/25/21,Delivered,4/30/21,17,4,2,2021,,Blood Orange Cardamom 8oz 6pk,$9.00,,$9.00,66,$594.00,$594.00,($48.60),$545.40,-- ,-- ,-- 
Mynt North,Mynt,19075,4/25/21,Delivered,4/30/21,17,4,2,2021,,Grapefruit Rosemary 8oz 6pk,$9.00,,$9.00,43,$387.00,$387.00,($40.50),$346.50,-- ,-- ,-- 
The Dispensary Reno,The Dispensary,19076,4/28/21,Delivered,4/30/21,17,4,2,2021,,Blood Orange Cardamom 8oz 6pk,$9.00,,$9.00,37,$333.00,$333.00,($48.60),$284.40,-- ,-- ,-- 
The Dispensary Reno,The Dispensary,19076,4/28/21,Delivered,4/30/21,17,4,2,2021,,Grapefruit Rosemary 8oz 6pk,$9.00,,$9.00,28,$252.00,$252.00,($48.60),$203.40,-- ,-- ,-- 
The Dispensary Reno,The Dispensary,19076,4/28/21,Delivered,4/30/21,17,4,2,2021,,Lemon Lavender 8oz 6pk,$9.00,,$9.00,28,$252.00,$252.00,($48.60),$203.40,-- ,-- ,-- 
Mynt Downtown,Mynt,19077,4/25/21,Delivered,4/30/21,17,4,2,2021,,Lemon Lavender 8oz 6pk,$9.00,,$9.00,64,$576.00,$576.00,($32.40),$543.60,-- ,-- ,-- 
Mynt Downtown,Mynt,19077,4/25/21,Delivered,4/30/21,17,4,2,2021,,Blood Orange Cardamom 8oz 6pk,$9.00,,$9.00,86,$774.00,$774.00,($48.60),$725.40,-- ,-- ,-- 
Mynt Downtown,Mynt,19077,4/25/21,Delivered,4/30/21,17,4,2,2021,,Grapefruit Rosemary 8oz 6pk,$9.00,,$9.00,81,$729.00,$729.00,($29.70),$699.30,-- ,-- ,-- 
NuWu,Nuwu,19096,4/28/21,Delivered,4/30/21,17,4,2,2021,,Lemon Lavender 8oz 6pk,$9.00,,$9.00,43,$387.00,$387.00,($3.00),$384.00,-- ,-- ,-- 
NuWu,Nuwu,19096,4/28/21,Delivered,4/30/21,17,4,2,2021,,Blood Orange Cardamom 8oz 6pk,$9.00,,$9.00,43,$387.00,$387.00,($3.00),$384.00,-- ,-- ,-- 
NuWu,Nuwu,19096,4/28/21,Delivered,4/30/21,17,4,2,2021,,Ginger Lemongrass 12oz Single,$3.00,,$3.00,48,$144.00,$144.00,-- ,$144.00,-- ,-- ,-- 
NuWu,Nuwu,19096,4/29/21,Delivered,4/30/21,17,4,2,2021,,Grapefruit Rosemary 8oz 6pk,$9.00,,$9.00,43,$387.00,$387.00,($3.00),$384.00,-- ,-- ,-- 
Medmen Paradise,MedMen,19103,4/28/21,Delivered,4/30/21,17,4,2,2021,,Lemon Lavender 8oz 6pk,$9.00,,$9.00,60,$540.00,$540.00,-- ,$540.00,-- ,-- ,-- 
Medmen Paradise,MedMen,19103,4/28/21,Delivered,4/30/21,17,4,2,2021,,Blood Orange Cardamom 8oz 6pk,$9.00,,$9.00,60,$540.00,$540.00,-- ,$540.00,-- ,-- ,-- 
Medmen Paradise,MedMen,19103,4/28/21,Delivered,4/30/21,17,4,2,2021,,Grapefruit Rosemary 8oz 6pk,$9.00,,$9.00,0,-- ,$0.00,-- ,$0.00,-- ,-- ,-- 
Medmen Spring Valley,MedMen,19104,4/28/21,Delivered,4/30/21,17,4,2,2021,,Lemon Lavender 8oz 6pk,$9.00,,$9.00,30,$270.00,$270.00,-- ,$270.00,-- ,-- ,-- 
Medmen Spring Valley,MedMen,19104,4/28/21,Delivered,4/30/21,17,4,2,2021,,Blood Orange Cardamom 8oz 6pk,$9.00,,$9.00,30,$270.00,$270.00,-- ,$270.00,-- ,-- ,-- 
Medmen Spring Valley,MedMen,19104,4/28/21,Delivered,4/30/21,17,4,2,2021,,Grapefruit Rosemary 8oz 6pk,$9.00,,$9.00,18,$162.00,$162.00,-- ,$162.00,-- ,-- ,-- 
Green Cannabis ,Green Cannabis ,19133,4/28/21,Delivered,4/30/21,17,4,2,2021,,Lemon Lavender 8oz 6pk,$9.00,,$9.00,16,$144.00,$144.00,-- ,$144.00,-- ,-- ,-- 
Green Cannabis ,Green Cannabis ,19133,4/28/21,Delivered,4/30/21,17,4,2,2021,,Blood Orange Cardamom 8oz 6pk,$9.00,,$9.00,16,$144.00,$144.00,-- ,$144.00,-- ,-- ,-- 
Green Cannabis ,Green Cannabis ,19133,4/28/21,Delivered,4/30/21,17,4,2,2021,,Grapefruit Rosemary 8oz 6pk,$9.00,,$9.00,16,$144.00,$144.00,-- ,$144.00,-- ,-- ,-- 
Green Cannabis ,Green Cannabis ,19133,4/28/21,Delivered,4/30/21,17,4,2,2021,,Ginger Lemongrass 12oz Single,$3.00,,$3.00,48,$144.00,$144.00,-- ,$144.00,-- ,-- ,-- 
Las Vegas ReLeaf,Las Vegas Releaf,19197,4/28/21,Delivered,5/3/21,18,5,2,2021,,Lemon Lavender 8oz 6pk,$9.00,,$9.00,20,$180.00,$180.00,-- ,$180.00,-- ,-- ,-- 
Las Vegas ReLeaf,Las Vegas Releaf,19197,4/28/21,Delivered,5/3/21,18,5,2,2021,,Blood Orange Cardamom 8oz 6pk,$9.00,,$9.00,20,$180.00,$180.00,-- ,$180.00,-- ,-- ,-- 
Las Vegas ReLeaf,Las Vegas Releaf,19197,4/28/21,Delivered,5/3/21,18,5,2,2021,,Grapefruit Rosemary 8oz 6pk,$9.00,,$9.00,8,$72.00,$72.00,-- ,$72.00,-- ,-- ,-- 
Las Vegas ReLeaf,Las Vegas Releaf,19197,4/28/21,Delivered,5/3/21,18,5,2,2021,,Lemon Lavender 8oz Single,$1.50,,$1.50,60,$90.00,$90.00,-- ,$90.00,-- ,-- ,-- 
Las Vegas ReLeaf,Las Vegas Releaf,19197,4/28/21,Delivered,5/3/21,18,5,2,2021,,Blood Orange Cardamom 8oz Single,$1.50,,$1.50,60,$90.00,$90.00,-- ,$90.00,-- ,-- ,-- 
Las Vegas ReLeaf,Las Vegas Releaf,19197,4/28/21,Delivered,5/3/21,18,5,2,2021,,Grapefruit Rosemary 8oz Single,$1.50,,$1.50,80,$120.00,$120.00,-- ,$120.00,-- ,-- ,-- 
MedMen DTLV,MedMen,19102,-,Delivered,5/4/21,18,5,2,2021,,Blood Orange Cardamom 8oz 6pk,$9.00,,$9.00,24,$216.00,$216.00,-- ,$216.00,-- ,-- ,-- 
MedMen DTLV,MedMen,19102,-,Delivered,5/4/21,18,5,2,2021,,Lemon Lavender 8oz 6pk,$9.00,,$9.00,18,$162.00,$162.00,-- ,$162.00,-- ,-- ,-- 
Thrive Reno,Thrive,19218,4/28/21,Delivered,5/5/21,18,5,2,2021,,Lemon Lavender 8oz 6pk,$9.00,,$9.00,60,$540.00,$540.00,-- ,$540.00,-- ,-- ,-- 
Thrive Reno,Thrive,19218,4/28/21,Delivered,5/5/21,18,5,2,2021,,Blood Orange Cardamom 8oz 6pk,$9.00,,$9.00,48,$432.00,$432.00,-- ,$432.00,-- ,-- ,-- 
Thrive Reno,Thrive,19218,4/28/21,Delivered,5/5/21,18,5,2,2021,,Grapefruit Rosemary 8oz 6pk,$9.00,,$9.00,32,$288.00,$288.00,-- ,$288.00,-- ,-- ,-- 
Thrive Reno,Thrive,19218,4/28/21,Delivered,5/5/21,18,5,2,2021,,Ginger Lemongrass 8oz 4pk,$7.00,,$7.00,30,$210.00,$210.00,-- ,$210.00,-- ,-- ,-- 
Thrive Reno,Thrive,19218,4/28/21,Delivered,5/5/21,18,5,2,2021,,Ginger Lemongrass 12oz Single,$3.00,,$3.00,120,$360.00,$360.00,-- ,$360.00,-- ,-- ,-- 
Thrive Reno,Thrive,19218,4/28/21,Delivered,5/5/21,18,5,2,2021,Promo,Blood Orange Cardamom 8oz 6pk,$0.01,,$0.01,4,-- ,$0.04,-- ,$0.04,-- ,-- ,($36)
Thrive Reno,Thrive,19218,4/28/21,Delivered,5/5/21,18,5,2,2021,Promo,Ginger Lemongrass 8oz 4pk,$0.01,,$0.01,6,-- ,$0.06,-- ,$0.06,-- ,-- ,($42)
Thrive Reno,Thrive,19218,4/28/21,Delivered,5/5/21,18,5,2,2021,Promo,Ginger Lemongrass 12oz Single,$0.01,,$0.01,48,-- ,$0.48,-- ,$0.48,-- ,-- ,($144)
NeWe,NeWe,19214,5/3/21,Delivered,5/6/21,18,5,2,2021,,Lemon Lavender 8oz 6pk,$9.00,,$9.00,28,$252.00,$252.00,-- ,$252.00,-- ,-- ,-- 
NeWe,NeWe,19214,5/3/21,Delivered,5/6/21,18,5,2,2021,,Blood Orange Cardamom 8oz 6pk,$9.00,,$9.00,28,$252.00,$252.00,-- ,$252.00,-- ,-- ,-- 
NeWe,NeWe,19214,5/3/21,Delivered,5/6/21,18,5,2,2021,,Grapefruit Rosemary 8oz 6pk,$9.00,,$9.00,28,$252.00,$252.00,-- ,$252.00,-- ,-- ,-- 
NeWe,NeWe,19214,5/3/21,Delivered,5/6/21,18,5,2,2021,,Ginger Lemongrass 8oz 4pk,$7.00,,$7.00,6,$42.00,$42.00,-- ,$42.00,-- ,-- ,-- 
NeWe,NeWe,19214,5/3/21,Delivered,5/6/21,18,5,2,2021,,Ginger Lemongrass 12oz Single,$3.00,,$3.00,24,$72.00,$72.00,-- ,$72.00,-- ,-- ,-- 
NeWe,NeWe,19214,5/3/21,Delivered,5/6/21,18,5,2,2021,Promo,Lemon Lavender 8oz 6pk,$0.01,,$0.01,15,-- ,$0.15,-- ,$0.15,-- ,-- ,($135)
NeWe,NeWe,19214,5/3/21,Delivered,5/6/21,18,5,2,2021,Promo,Blood Orange Cardamom 8oz 6pk,$0.01,,$0.01,15,-- ,$0.15,-- ,$0.15,-- ,-- ,($135)
NeWe,NeWe,19214,5/3/21,Delivered,5/6/21,18,5,2,2021,Promo,Grapefruit Rosemary 8oz 6pk,$0.01,,$0.01,15,-- ,$0.15,-- ,$0.15,-- ,-- ,($135)
Essence Henderson,GTI,19236,5/3/21,Delivered,5/6/21,18,5,2,2021,,Lemon Lavender 8oz 6pk,$9.00,,$9.00,75,$675.00,$675.00,-- ,$675.00,-- ,-- ,-- 
Essence Henderson,GTI,19236,5/3/21,Delivered,5/6/21,18,5,2,2021,,Blood Orange Cardamom 8oz 6pk,$9.00,,$9.00,35,$315.00,$315.00,-- ,$315.00,-- ,-- ,-- 
Essence Henderson,GTI,19236,5/3/21,Delivered,5/6/21,18,5,2,2021,,Grapefruit Rosemary 8oz 6pk,$9.00,,$9.00,20,$180.00,$180.00,-- ,$180.00,-- ,-- ,-- 
Essence Henderson,GTI,19236,5/3/21,Delivered,5/6/21,18,5,2,2021,Free,Lemon Lavender 8oz Single,$0.01,,$0.01,150,$225.00,$1.50,-- ,$1.50,($224),-- ,-- 
Essence Henderson,GTI,19236,5/3/21,Delivered,5/6/21,18,5,2,2021,Free,Blood Orange Cardamom 8oz Single,$0.01,,$0.01,150,$225.00,$1.50,-- ,$1.50,($224),-- ,-- 
Essence Henderson,GTI,19236,5/3/21,Delivered,5/6/21,18,5,2,2021,Free,Grapefruit Rosemary 8oz Single,$0.01,,$0.01,150,$225.00,$1.50,-- ,$1.50,($224),-- ,-- 
Essence Henderson,GTI,19236,5/3/21,Delivered,5/6/21,18,5,2,2021,,Ginger Lemongrass 12oz Single,$3.00,,$3.00,80,$240.00,$240.00,-- ,$240.00,-- ,-- ,-- 
Essence Henderson,GTI,19236,5/3/21,Delivered,5/6/21,18,5,2,2021,Free,Ginger Lemongrass 12oz Single,$0.01,,$0.01,400,"$1,200.00",$4.00,-- ,$4.00,"($1,196)",-- ,-- 
Essence Rainbow,GTI,19238,5/3/21,Delivered,5/6/21,18,5,2,2021,,Lemon Lavender 8oz 6pk,$9.00,,$9.00,10,$90.00,$90.00,-- ,$90.00,-- ,-- ,-- 
Essence Rainbow,GTI,19238,5/3/21,Delivered,5/6/21,18,5,2,2021,,Blood Orange Cardamom 8oz 6pk,$9.00,,$9.00,20,$180.00,$180.00,-- ,$180.00,-- ,-- ,-- 
Essence Rainbow,GTI,19238,5/3/21,Delivered,5/6/21,18,5,2,2021,,Grapefruit Rosemary 8oz 6pk,$9.00,,$9.00,15,$135.00,$135.00,-- ,$135.00,-- ,-- ,-- 
Essence Rainbow,GTI,19238,5/3/21,Delivered,5/6/21,18,5,2,2021,Free,Lemon Lavender 8oz Single,$0.01,,$0.01,100,$150.00,$1.00,-- ,$1.00,($149),-- ,-- 
Essence Rainbow,GTI,19238,5/3/21,Delivered,5/6/21,18,5,2,2021,Free,Blood Orange Cardamom 8oz Single,$0.01,,$0.01,100,$150.00,$1.00,-- ,$1.00,($149),-- ,-- 
Essence Rainbow,GTI,19238,5/3/21,Delivered,5/6/21,18,5,2,2021,Free,Grapefruit Rosemary 8oz Single,$0.01,,$0.01,100,$150.00,$1.00,-- ,$1.00,($149),-- ,-- 
Essence Rainbow,GTI,19238,5/3/21,Delivered,5/6/21,18,5,2,2021,,Ginger Lemongrass 12oz Single,$3.00,,$3.00,45,$135.00,$135.00,-- ,$135.00,-- ,-- ,-- 
Essence Rainbow,GTI,19238,5/3/21,Delivered,5/6/21,18,5,2,2021,Free,Ginger Lemongrass 12oz Single,$0.01,,$0.01,100,$300.00,$1.00,-- ,$1.00,($299),-- ,-- 
Essence Tropicana,GTI,19239,5/3/21,Delivered,5/6/21,18,5,2,2021,,Lemon Lavender 8oz 6pk,$9.00,,$9.00,25,$225.00,$225.00,-- ,$225.00,-- ,-- ,-- 
Essence Tropicana,GTI,19239,5/3/21,Delivered,5/6/21,18,5,2,2021,,Blood Orange Cardamom 8oz 6pk,$9.00,,$9.00,15,$135.00,$135.00,-- ,$135.00,-- ,-- ,-- 
Essence Tropicana,GTI,19239,5/3/21,Delivered,5/6/21,18,5,2,2021,,Grapefruit Rosemary 8oz 6pk,$9.00,,$9.00,15,$135.00,$135.00,-- ,$135.00,-- ,-- ,-- 
Essence Tropicana,GTI,19239,5/3/21,Delivered,5/6/21,18,5,2,2021,Free,Lemon Lavender 8oz Single,$0.01,,$0.01,150,$225.00,$1.50,-- ,$1.50,($224),-- ,-- 
Essence Tropicana,GTI,19239,5/3/21,Delivered,5/6/21,18,5,2,2021,Free,Blood Orange Cardamom 8oz Single,$0.01,,$0.01,150,$225.00,$1.50,-- ,$1.50,($224),-- ,-- 
Essence Tropicana,GTI,19239,5/3/21,Delivered,5/6/21,18,5,2,2021,Free,Grapefruit Rosemary 8oz Single,$0.01,,$0.01,150,$225.00,$1.50,-- ,$1.50,($224),-- ,-- 
Essence Tropicana,GTI,19239,5/3/21,Delivered,5/6/21,18,5,2,2021,,Ginger Lemongrass 12oz Single,$3.00,,$3.00,25,$75.00,$75.00,-- ,$75.00,-- ,-- ,-- 
Essence Tropicana,GTI,19239,5/3/21,Delivered,5/6/21,18,5,2,2021,Free,Ginger Lemongrass 12oz Single,$0.01,,$0.01,200,$600.00,$2.00,-- ,$2.00,($598),-- ,-- 
Rise Spanish Springs,GTI,19242,5/3/21,Delivered,5/6/21,18,5,2,2021,,Lemon Lavender 8oz 6pk,$9.00,,$9.00,10,$90.00,$90.00,-- ,$90.00,-- ,-- ,-- 
Rise Spanish Springs,GTI,19242,5/3/21,Delivered,5/6/21,18,5,2,2021,,Blood Orange Cardamom 8oz 6pk,$9.00,,$9.00,55,$495.00,$495.00,-- ,$495.00,-- ,-- ,-- 
Rise Spanish Springs,GTI,19242,5/3/21,Delivered,5/6/21,18,5,2,2021,Free,Lemon Lavender 8oz Single,$0.01,,$0.01,100,$150.00,$1.00,-- ,$1.00,($149),-- ,-- 
Rise Spanish Springs,GTI,19242,5/3/21,Delivered,5/6/21,18,5,2,2021,Free,Blood Orange Cardamom 8oz Single,$0.01,,$0.01,100,$150.00,$1.00,-- ,$1.00,($149),-- ,-- 
Rise Spanish Springs,GTI,19242,5/3/21,Delivered,5/6/21,18,5,2,2021,Free,Grapefruit Rosemary 8oz Single,$0.01,,$0.01,100,$150.00,$1.00,-- ,$1.00,($149),-- ,-- 
Rise Spanish Springs,GTI,19242,5/3/21,Delivered,5/6/21,18,5,2,2021,,Ginger Lemongrass 8oz 4pk,$7.00,,$7.00,45,$315.00,$315.00,-- ,$315.00,-- ,-- ,-- 
Rise Spanish Springs,GTI,19242,5/3/21,Delivered,5/6/21,18,5,2,2021,,Ginger Lemongrass 12oz Single,$3.00,,$3.00,80,$240.00,$240.00,-- ,$240.00,-- ,-- ,-- 
Rise Spanish Springs,GTI,19242,5/3/21,Delivered,5/6/21,18,5,2,2021,Free,Ginger Lemongrass 12oz Single,$0.01,,$0.01,100,$300.00,$1.00,-- ,$1.00,($299),-- ,-- 
Rise Carson City,GTI,19243,5/3/21,Delivered,5/6/21,18,5,2,2021,,Lemon Lavender 8oz 6pk,$9.00,,$9.00,15,$135.00,$135.00,-- ,$135.00,-- ,-- ,-- 
Rise Carson City,GTI,19243,5/3/21,Delivered,5/6/21,18,5,2,2021,Free,Lemon Lavender 8oz Single,$0.01,,$0.01,300,$450.00,$3.00,-- ,$3.00,($447),-- ,-- 
Rise Carson City,GTI,19243,5/3/21,Delivered,5/6/21,18,5,2,2021,Free,Blood Orange Cardamom 8oz Single,$0.01,,$0.01,300,$450.00,$3.00,-- ,$3.00,($447),-- ,-- 
Rise Carson City,GTI,19243,5/3/21,Delivered,5/6/21,18,5,2,2021,Free,Grapefruit Rosemary 8oz Single,$0.01,,$0.01,300,$450.00,$3.00,-- ,$3.00,($447),-- ,-- 
Rise Carson City,GTI,19243,5/3/21,Delivered,5/6/21,18,5,2,2021,Free,Ginger Lemongrass 12oz Single,$0.01,,$0.01,200,$600.00,$2.00,-- ,$2.00,($598),-- ,-- 
Jardin,Jardin,19253,5/5/21,Delivered,5/7/21,18,5,2,2021,Free,Lemon Lavender 8oz Single,$0.01,,$0.01,30,$45.00,$0.30,-- ,$0.30,($45),-- ,-- 
Jardin,Jardin,19253,5/5/21,Delivered,5/7/21,18,5,2,2021,Free,Blood Orange Cardamom 8oz Single,$0.01,,$0.01,40,$60.00,$0.40,-- ,$0.40,($60),-- ,-- 
Jardin,Jardin,19253,5/5/21,Delivered,5/7/21,18,5,2,2021,Free,Ginger Lemongrass 12oz Single,$0.01,,$0.01,30,$90.00,$0.30,-- ,$0.30,($90),-- ,-- 
Jardin,Jardin,19253,5/6/21,Delivered,5/7/21,18,5,2,2021,Promo,Ginger Lemongrass 12oz Single,$0.01,,$0.01,48,-- ,$0.48,-- ,$0.48,-- ,-- ,($144)
Essence Durango,GTI,19237,5/3/21,Delivered,5/14/21,19,5,2,2021,,Lemon Lavender 8oz 6pk,$9.00,,$9.00,100,$900.00,$900.00,-- ,$900.00,-- ,-- ,-- 
Essence Durango,GTI,19237,5/3/21,Delivered,5/14/21,19,5,2,2021,,Blood Orange Cardamom 8oz 6pk,$9.00,,$9.00,40,$360.00,$360.00,-- ,$360.00,-- ,-- ,-- 
Essence Durango,GTI,19237,5/3/21,Delivered,5/14/21,19,5,2,2021,,Grapefruit Rosemary 8oz 6pk,$9.00,,$9.00,40,$360.00,$360.00,-- ,$360.00,-- ,-- ,-- 
Essence Durango,GTI,19237,5/3/21,Delivered,5/14/21,19,5,2,2021,Free,Blood Orange Cardamom 8oz Single,$0.01,,$0.01,100,$150.00,$1.00,-- ,$1.00,($149),-- ,-- 
Essence Durango,GTI,19237,5/3/21,Delivered,5/14/21,19,5,2,2021,,Ginger Lemongrass 8oz 4pk,$7.00,,$7.00,10,$70.00,$70.00,-- ,$70.00,-- ,-- ,-- 
Essence Durango,GTI,19237,5/3/21,Delivered,5/14/21,19,5,2,2021,,Ginger Lemongrass 12oz Single,$3.00,,$3.00,45,$135.00,$135.00,-- ,$135.00,-- ,-- ,-- 
Essence Durango,GTI,19237,5/3/21,Delivered,5/14/21,19,5,2,2021,Free,Ginger Lemongrass 12oz Single,$0.01,,$0.01,200,$600.00,$2.00,-- ,$2.00,($598),-- ,-- 
Apothecary Shoppe,Apothecary Shoppe,19298,5/10/21,Delivered,5/14/21,19,5,2,2021,,Lemon Lavender 8oz 6pk,$9.00,,$9.00,60,$540.00,$540.00,-- ,$540.00,-- ,-- ,-- 
Apothecary Shoppe,Apothecary Shoppe,19298,5/10/21,Delivered,5/14/21,19,5,2,2021,,Blood Orange Cardamom 8oz 6pk,$9.00,,$9.00,60,$540.00,$540.00,-- ,$540.00,-- ,-- ,-- 
Apothecary Shoppe,Apothecary Shoppe,19298,5/10/21,Delivered,5/14/21,19,5,2,2021,,Grapefruit Rosemary 8oz 6pk,$9.00,,$9.00,60,$540.00,$540.00,-- ,$540.00,-- ,-- ,-- 
The Dispensary Eastern,The Dispensary,19369,5/13/21,Delivered,5/18/21,20,5,2,2021,Promo,Ginger Lemongrass 8oz 4pk,$0.01,,$0.01,48,-- ,$0.48,-- ,$0.48,-- ,-- ,($336)
The Dispensary Eastern,The Dispensary,19369,5/13/21,Delivered,5/18/21,20,5,2,2021,Promo,Ginger Lemongrass 12oz Single,$0.01,,$0.01,48,-- ,$0.48,-- ,$0.48,-- ,-- ,($144)
Essence Strip,GTI,19216,5/3/21,Delivered,5/19/21,20,5,2,2021,,Lemon Lavender 8oz 6pk,$9.00,,$9.00,100,$900.00,$900.00,($900.00),$0.00,-- ,-- ,-- 
Essence Strip,GTI,19216,5/3/21,Delivered,5/19/21,20,5,2,2021,,Blood Orange Cardamom 8oz 6pk,$9.00,,$9.00,100,$900.00,$900.00,($900.00),$0.00,-- ,-- ,-- 
Essence Strip,GTI,19216,5/3/21,Delivered,5/19/21,20,5,2,2021,,Grapefruit Rosemary 8oz 6pk,$9.00,,$9.00,100,$900.00,$900.00,($900.00),$0.00,-- ,-- ,-- 
Essence Strip,GTI,19216,5/3/21,Delivered,5/19/21,20,5,2,2021,,Ginger Lemongrass 8oz 4pk,$7.00,,$7.00,100,$700.00,$700.00,($700.00),$0.00,-- ,-- ,-- 
Essence Strip,GTI,19216,5/3/21,Delivered,5/19/21,20,5,2,2021,Free,Ginger Lemongrass 12oz Single,$0.01,,$0.01,150,$450.00,$1.50,($1.50),$0.00,($449),-- ,-- 
Essence Strip,GTI,19216,5/3/21,Delivered,5/19/21,20,5,2,2021,Free,Lemon Lavender 8oz Single,$0.01,,$0.01,150,$225.00,$1.50,($1.50),$0.00,($224),-- ,-- 
Essence Strip,GTI,19216,5/3/21,Delivered,5/19/21,20,5,2,2021,Free,Grapefruit Rosemary 8oz Single,$0.01,,$0.01,150,$225.00,$1.50,($1.50),$0.00,($224),-- ,-- 
Essence Strip,GTI,19216,5/3/21,Delivered,5/19/21,20,5,2,2021,Promo,Ginger Lemongrass 12oz Single,$0.01,,$0.01,150,-- ,$1.50,($1.50),$0.00,-- ,-- ,($449)
Essence Strip,GTI,19244,5/3/21,Delivered,5/19/21,20,5,2,2021,,Ginger Lemongrass 12oz Single,$3.00,,$3.00,35,$105.00,$105.00,-- ,$105.00,-- ,-- ,-- 
Pisos,Pisos,19326,5/11/21,Delivered,5/19/21,20,5,2,2021,,Lemon Lavender 8oz 6pk,$9.00,,$9.00,36,$324.00,$324.00,-- ,$324.00,-- ,-- ,-- 
Pisos,Pisos,19326,5/11/21,Delivered,5/19/21,20,5,2,2021,,Blood Orange Cardamom 8oz 6pk,$9.00,,$9.00,36,$324.00,$324.00,-- ,$324.00,-- ,-- ,-- 
Pisos,Pisos,19326,5/11/21,Delivered,5/19/21,20,5,2,2021,,Ginger Lemongrass 12oz Single,$3.00,,$3.00,24,$72.00,$72.00,-- ,$72.00,-- ,-- ,-- 
The Dispensary Reno,The Dispensary,19330,5/11/21,Delivered,5/19/21,20,5,2,2021,,Lemon Lavender 8oz 6pk,$9.00,,$9.00,57,$513.00,$513.00,-- ,$513.00,-- ,-- ,-- 
The Dispensary Reno,The Dispensary,19330,5/11/21,Delivered,5/19/21,20,5,2,2021,,Blood Orange Cardamom 8oz 6pk,$9.00,,$9.00,43,$387.00,$387.00,-- ,$387.00,-- ,-- ,-- 
The Dispensary Reno,The Dispensary,19330,5/11/21,Delivered,5/19/21,20,5,2,2021,,Grapefruit Rosemary 8oz 6pk,$9.00,,$9.00,25,$225.00,$225.00,-- ,$225.00,-- ,-- ,-- 
The Dispensary Reno,The Dispensary,19330,5/11/21,Delivered,5/19/21,20,5,2,2021,Promo,Ginger Lemongrass 8oz 4pk,$0.01,,$0.01,80,-- ,$0.80,-- ,$0.80,-- ,-- ,($559)
The Dispensary Reno,The Dispensary,19330,5/11/21,Delivered,5/19/21,20,5,2,2021,Promo,Ginger Lemongrass 12oz Single,$0.01,,$0.01,100,-- ,$1.00,-- ,$1.00,-- ,-- ,($299)
Las Vegas ReLeaf,Las Vegas Releaf,19341,5/11/21,Delivered,5/19/21,20,5,2,2021,,Lemon Lavender 8oz 6pk,$9.00,,$9.00,40,$360.00,$360.00,-- ,$360.00,-- ,-- ,-- 
Las Vegas ReLeaf,Las Vegas Releaf,19341,5/11/21,Delivered,5/19/21,20,5,2,2021,,Blood Orange Cardamom 8oz 6pk,$9.00,,$9.00,40,$360.00,$360.00,-- ,$360.00,-- ,-- ,-- 
Las Vegas ReLeaf,Las Vegas Releaf,19341,5/11/21,Delivered,5/19/21,20,5,2,2021,,Grapefruit Rosemary 8oz 6pk,$9.00,,$9.00,16,$144.00,$144.00,-- ,$144.00,-- ,-- ,-- 
Medmen Paradise,MedMen,19361,5/13/21,Delivered,5/19/21,20,5,2,2021,,Ginger Lemongrass 12oz Single,$3.00,,$3.00,50,$150.00,$150.00,-- ,$150.00,-- ,-- ,-- 
The Dispensary Las Vegas,The Dispensary,19367,5/13/21,Delivered,5/19/21,20,5,2,2021,Promo,Ginger Lemongrass 8oz 4pk,$0.01,,$0.01,64,-- ,$0.64,-- ,$0.64,-- ,-- ,($447)
The Dispensary Las Vegas,The Dispensary,19367,5/13/21,Delivered,5/19/21,20,5,2,2021,Promo,Ginger Lemongrass 12oz Single,$0.01,,$0.01,64,-- ,$0.64,-- ,$0.64,-- ,-- ,($191)
The Dispensary Henderson,The Dispensary,19368,5/13/21,Delivered,5/19/21,20,5,2,2021,Promo,Ginger Lemongrass 8oz 4pk,$0.01,,$0.01,150,-- ,$1.50,-- ,$1.50,-- ,-- ,"($1,049)"
The Dispensary Henderson,The Dispensary,19368,5/13/21,Delivered,5/19/21,20,5,2,2021,Promo,Ginger Lemongrass 12oz Single,$0.01,,$0.01,150,-- ,$1.50,-- ,$1.50,-- ,-- ,($449)
Mynt North,Mynt,19370,5/13/21,Delivered,5/19/21,20,5,2,2021,Promo,Ginger Lemongrass 8oz 4pk,$0.01,,$0.01,76,-- ,$0.76,-- ,$0.76,-- ,-- ,($531)
Mynt North,Mynt,19370,5/13/21,Delivered,5/19/21,20,5,2,2021,Promo,Ginger Lemongrass 12oz Single,$0.01,,$0.01,76,-- ,$0.76,-- ,$0.76,-- ,-- ,($227)
Mynt Downtown,Mynt,19371,5/13/21,Delivered,5/19/21,20,5,2,2021,Promo,Ginger Lemongrass 8oz 4pk,$0.01,,$0.01,82,-- ,$0.82,-- ,$0.82,-- ,-- ,($573)
Mynt Downtown,Mynt,19371,5/13/21,Delivered,5/19/21,20,5,2,2021,Promo,Ginger Lemongrass 12oz Single,$0.01,,$0.01,82,-- ,$0.82,-- ,$0.82,-- ,-- ,($245)
Medmen DTLV,GTI,19362,5/13/21,Delivered,5/20/21,20,5,2,2021,,Blood Orange Cardamom 8oz 6pk,$9.00,,$9.00,110,$990.00,$990.00,-- ,$990.00,-- ,-- ,-- 
Medmen DTLV,GTI,19362,5/13/21,Delivered,5/20/21,20,5,2,2021,,Grapefruit Rosemary 8oz 6pk,$9.00,,$9.00,96,$864.00,$864.00,-- ,$864.00,-- ,-- ,-- 
Medmen DTLV,GTI,19362,5/13/21,Delivered,5/20/21,20,5,2,2021,,Ginger Lemongrass 12oz Single,$3.00,,$3.00,30,$90.00,$90.00,-- ,$90.00,-- ,-- ,-- 
Medmen Spring Valley,GTI,19363,5/13/21,Delivered,5/20/21,20,5,2,2021,,Blood Orange Cardamom 8oz 6pk,$9.00,,$9.00,110,$990.00,$990.00,-- ,$990.00,-- ,-- ,-- 
Medmen Spring Valley,GTI,19363,5/13/21,Delivered,5/20/21,20,5,2,2021,,Grapefruit Rosemary 8oz 6pk,$9.00,,$9.00,25,$225.00,$225.00,-- ,$225.00,-- ,-- ,-- 
Medmen Spring Valley,GTI,19363,5/13/21,Delivered,5/20/21,20,5,2,2021,,Ginger Lemongrass 12oz Single,$3.00,,$3.00,150,$450.00,$450.00,-- ,$450.00,-- ,-- ,-- 
Essence Rainbow,MedMen,19445,-,Delivered,5/20/21,20,5,2,2021,,Grapefruit Rosemary 8oz 6pk,$9.00,,$9.00,100,$900.00,$900.00,-- ,$900.00,-- ,-- ,-- 
Essence Rainbow,MedMen,19445,-,Delivered,5/20/21,20,5,2,2021,Promo,Grapefruit Rosemary 8oz Single,$0.01,,$0.01,150,-- ,$1.50,-- ,$1.50,-- ,-- ,($224)
Essence Rainbow,MedMen,19445,-,Delivered,5/20/21,20,5,2,2021,,Ginger Lemongrass 8oz 4pk,$7.00,,$7.00,100,$700.00,$700.00,-- ,$700.00,-- ,-- ,-- 
Essence Durango,MedMen,19446,-,Delivered,5/20/21,20,5,2,2021,,Ginger Lemongrass 12oz Single,$3.00,,$3.00,150,$450.00,$450.00,-- ,$450.00,-- ,-- ,-- 
Essence Durango,MedMen,19446,-,Delivered,5/20/21,20,5,2,2021,Promo,Ginger Lemongrass 12oz Single,$0.01,,$0.01,150,-- ,$1.50,-- ,$1.50,-- ,-- ,($449)
Rise Carson City,MedMen,19447,-,Delivered,5/20/21,20,5,2,2021,,Blood Orange Cardamom 8oz 6pk,$9.00,,$9.00,100,$900.00,$900.00,-- ,$900.00,-- ,-- ,-- 
Rise Carson City,GTI,19447,-,Delivered,5/20/21,20,5,2,2021,,Lemon Lavender 8oz 6pk,$9.00,,$9.00,100,$900.00,$900.00,-- ,$900.00,-- ,-- ,-- 
Rise Carson City,GTI,19447,-,Delivered,5/20/21,20,5,2,2021,Promo,Blood Orange Cardamom 8oz Single,$0.01,,$0.01,150,-- ,$1.50,-- ,$1.50,-- ,-- ,($224)
NeWe,NeWe,19235,-,Delivered,5/25/21,21,5,2,2021,,Grapefruit Rosemary 8oz 6pk,$9.00,,$9.00,20,$180.00,$180.00,-- ,$180.00,-- ,-- ,-- 
The Dispensary Eastern,GTI,19500,5/24/21,Delivered,5/27/21,21,5,2,2021,,Lemon Lavender 8oz 6pk,$9.00,,$9.00,30,$270.00,$270.00,-- ,$270.00,-- ,-- ,-- 
The Dispensary Eastern,GTI,19500,5/24/21,Delivered,5/27/21,21,5,2,2021,,Blood Orange Cardamom 8oz 6pk,$9.00,,$9.00,30,$270.00,$270.00,-- ,$270.00,-- ,-- ,-- 
The Dispensary Eastern,GTI,19500,5/24/21,Delivered,5/27/21,21,5,2,2021,,Grapefruit Rosemary 8oz 6pk,$9.00,,$9.00,35,$315.00,$315.00,-- ,$315.00,-- ,-- ,-- 
The Dispensary Eastern,GTI,19500,5/24/21,Delivered,5/27/21,21,5,2,2021,,Ginger Lemongrass 8oz 4pk,$7.00,,$7.00,20,$140.00,$140.00,-- ,$140.00,-- ,-- ,-- 
The Dispensary Eastern,GTI,19500,5/24/21,Delivered,5/27/21,21,5,2,2021,,Ginger Lemongrass 12oz Single,$3.00,,$3.00,40,$120.00,$120.00,-- ,$120.00,-- ,-- ,-- 
The Dispensary Eastern,GTI,19500,5/24/21,Delivered,5/27/21,21,5,2,2021,,Lemon Lavender 8oz 6pk,$9.00,$6.70,$6.70,20,$180.00,$134.00,-- ,$134.00,-- ,($46),-- 
The Dispensary Eastern,GTI,19500,5/24/21,Delivered,5/27/21,21,5,2,2021,,Blood Orange Cardamom 8oz 6pk,$9.00,$6.70,$6.70,20,$180.00,$134.00,-- ,$134.00,-- ,($46),-- 
The Dispensary Eastern,GTI,19500,5/24/21,Delivered,5/27/21,21,5,2,2021,,Grapefruit Rosemary 8oz 6pk,$9.00,$6.70,$6.70,20,$180.00,$134.00,-- ,$134.00,-- ,($46),-- 
Apothecarium,The Dispensary,19385,5/14/21,Delivered,5/28/21,21,5,2,2021,,Grapefruit Rosemary 8oz 6pk,$9.00,,$9.00,50,$450.00,$450.00,-- ,$450.00,-- ,-- ,-- 
Apothecarium,Mynt,19385,5/14/21,Delivered,5/28/21,21,5,2,2021,,Blood Orange Cardamom 8oz 6pk,$9.00,,$9.00,100,$900.00,$900.00,-- ,$900.00,-- ,-- ,-- 
Apothecarium,Mynt,19385,5/14/21,Delivered,5/28/21,21,5,2,2021,,Ginger Lemongrass 12oz Single,$3.00,,$3.00,120,$360.00,$360.00,-- ,$360.00,-- ,-- ,-- 
Apothecarium,Mynt,19385,5/14/21,Delivered,5/28/21,21,5,2,2021,,Ginger Lemongrass 8oz 4pk,$7.00,,$7.00,100,$700.00,$700.00,-- ,$700.00,-- ,-- ,-- 
Green Cannabis ,Mynt,19415,5/14/21,Delivered,5/28/21,21,5,2,2021,,Blood Orange Cardamom 8oz 6pk,$9.00,,$9.00,16,$144.00,$144.00,-- ,$144.00,-- ,-- ,-- 
Green Cannabis ,Mynt,19415,5/14/21,Delivered,5/28/21,21,5,2,2021,,Grapefruit Rosemary 8oz 6pk,$9.00,,$9.00,12,$108.00,$108.00,-- ,$108.00,-- ,-- ,-- 
Green Cannabis ,Mynt,19415,5/14/21,Delivered,5/28/21,21,5,2,2021,,Lemon Lavender 8oz 6pk,$9.00,,$9.00,16,$144.00,$144.00,-- ,$144.00,-- ,-- ,-- 
Green Cannabis ,Mynt,19415,5/14/21,Delivered,5/28/21,21,5,2,2021,Promo,Blood Orange Cardamom 8oz 6pk,$0.01,,$0.01,8,-- ,$0.08,-- ,$0.08,-- ,-- ,($72)
Green Cannabis ,Mynt,19415,5/14/21,Delivered,5/28/21,21,5,2,2021,Promo,Lemon Lavender 8oz 6pk,$0.01,,$0.01,8,-- ,$0.08,-- ,$0.08,-- ,-- ,($72)
Las Vegas ReLeaf,Mynt,19443,5/17/21,Delivered,5/28/21,21,5,2,2021,,Lemon Lavender 8oz 6pk,$9.00,,$9.00,40,$360.00,$360.00,-- ,$360.00,-- ,-- ,-- 
Las Vegas ReLeaf,Mynt,19443,5/17/21,Delivered,5/28/21,21,5,2,2021,,Blood Orange Cardamom 8oz 6pk,$9.00,,$9.00,40,$360.00,$360.00,-- ,$360.00,-- ,-- ,-- 
Las Vegas ReLeaf,Mynt,19443,5/17/21,Delivered,5/28/21,21,5,2,2021,,Grapefruit Rosemary 8oz 6pk,$9.00,,$9.00,16,$144.00,$144.00,-- ,$144.00,-- ,-- ,-- 
Rise Spanish Springs,Mynt,19478,5/24/21,Delivered,5/28/21,21,5,2,2021,,Lemon Lavender 8oz 6pk,$9.00,,$9.00,45,$405.00,$405.00,-- ,$405.00,-- ,-- ,-- 
Rise Spanish Springs,Mynt,19478,5/24/21,Delivered,5/28/21,21,5,2,2021,,Grapefruit Rosemary 8oz 6pk,$9.00,,$9.00,20,$180.00,$180.00,-- ,$180.00,-- ,-- ,-- 
Rise Spanish Springs,Mynt,19478,5/24/21,Delivered,5/28/21,21,5,2,2021,,Ginger Lemongrass 12oz Single,$3.00,,$3.00,60,$180.00,$180.00,-- ,$180.00,-- ,-- ,-- 
Rise Carson City,The Dispensary,19479,5/24/21,Delivered,5/28/21,21,5,2,2021,,Lemon Lavender 8oz 6pk,$9.00,,$9.00,60,$540.00,$540.00,-- ,$540.00,-- ,-- ,-- 
Rise Carson City,The Dispensary,19479,5/24/21,Delivered,5/28/21,21,5,2,2021,,Blood Orange Cardamom 8oz 6pk,$9.00,,$9.00,80,$720.00,$720.00,-- ,$720.00,-- ,-- ,-- 
Rise Carson City,The Dispensary,19479,5/24/21,Delivered,5/28/21,21,5,2,2021,Free,Lemon Lavender 8oz Single,$0.01,,$0.01,200,$300.00,$2.00,-- ,$2.00,($298),-- ,-- 
Rise Carson City,The Dispensary,19479,5/24/21,Delivered,5/28/21,21,5,2,2021,Free,Blood Orange Cardamom 8oz Single,$0.01,,$0.01,200,$300.00,$2.00,-- ,$2.00,($298),-- ,-- 
Rise Carson City,The Dispensary,19479,5/24/21,Delivered,5/28/21,21,5,2,2021,Free,Grapefruit Rosemary 8oz Single,$0.01,,$0.01,200,$300.00,$2.00,-- ,$2.00,($298),-- ,-- 
Rise Carson City,The Dispensary,19479,5/25/21,Delivered,5/28/21,21,5,2,2021,,Grapefruit Rosemary 8oz 6pk,$9.00,,$9.00,50,$450.00,$450.00,-- ,$450.00,-- ,-- ,-- 
Rise Carson City,The Dispensary,19479,5/26/21,Delivered,5/28/21,21,5,2,2021,,Ginger Lemongrass 8oz 4pk,$7.00,,$7.00,40,$280.00,$280.00,-- ,$280.00,-- ,-- ,-- 
Rise Carson City,The Dispensary,19479,5/27/21,Delivered,5/28/21,21,5,2,2021,,Ginger Lemongrass 12oz Single,$3.00,,$3.00,110,$330.00,$330.00,-- ,$330.00,-- ,-- ,-- 
Essence Rainbow,The Dispensary,19480,5/24/21,Delivered,5/28/21,21,5,2,2021,,Lemon Lavender 8oz 6pk,$9.00,,$9.00,70,$630.00,$630.00,-- ,$630.00,-- ,-- ,-- 
Essence Rainbow,The Dispensary,19480,5/24/21,Delivered,5/28/21,21,5,2,2021,,Blood Orange Cardamom 8oz 6pk,$9.00,,$9.00,50,$450.00,$450.00,-- ,$450.00,-- ,-- ,-- 
Essence Rainbow,The Dispensary,19480,5/24/21,Delivered,5/28/21,21,5,2,2021,,Ginger Lemongrass 8oz 4pk,$7.00,,$7.00,12,$84.00,$84.00,-- ,$84.00,-- ,-- ,-- 
Essence Rainbow,The Dispensary,19480,5/24/21,Delivered,5/28/21,21,5,2,2021,,Ginger Lemongrass 12oz Single,$3.00,,$3.00,100,$300.00,$300.00,-- ,$300.00,-- ,-- ,-- 
Essence Rainbow,The Dispensary,19480,5/24/21,Delivered,5/28/21,21,5,2,2021,Free,Lemon Lavender 8oz Single,$0.01,,$0.01,200,$300.00,$2.00,-- ,$2.00,($298),-- ,-- 
Essence Rainbow,The Dispensary,19480,5/24/21,Delivered,5/28/21,21,5,2,2021,Free,Blood Orange Cardamom 8oz Single,$0.01,,$0.01,200,$300.00,$2.00,-- ,$2.00,($298),-- ,-- 
Essence Rainbow,The Dispensary,19480,5/24/21,Delivered,5/28/21,21,5,2,2021,Free,Grapefruit Rosemary 8oz Single,$0.01,,$0.01,200,$300.00,$2.00,-- ,$2.00,($298),-- ,-- 
Essence Durango,The Dispensary,19481,5/24/21,Delivered,5/28/21,21,5,2,2021,,Lemon Lavender 8oz 6pk,$9.00,,$9.00,18,$162.00,$162.00,-- ,$162.00,-- ,-- ,-- 
Essence Durango,Apothecarium,19481,5/24/21,Delivered,5/28/21,21,5,2,2021,,Blood Orange Cardamom 8oz 6pk,$9.00,,$9.00,42,$378.00,$378.00,-- ,$378.00,-- ,-- ,-- 
Essence Durango,Apothecarium,19481,5/24/21,Delivered,5/28/21,21,5,2,2021,,Grapefruit Rosemary 8oz 6pk,$9.00,,$9.00,25,$225.00,$225.00,-- ,$225.00,-- ,-- ,-- 
Essence Durango,Apothecarium,19481,5/24/21,Delivered,5/28/21,21,5,2,2021,,Ginger Lemongrass 8oz 4pk,$7.00,,$7.00,30,$210.00,$210.00,-- ,$210.00,-- ,-- ,-- 
Essence Durango,Apothecarium,19481,5/24/21,Delivered,5/28/21,21,5,2,2021,,Ginger Lemongrass 12oz Single,$3.00,,$3.00,180,$540.00,$540.00,-- ,$540.00,-- ,-- ,-- 
Essence Durango,Green Cannabis ,19481,5/24/21,Delivered,5/28/21,21,5,2,2021,Free,Lemon Lavender 8oz Single,$0.01,,$0.01,80,$120.00,$0.80,-- ,$0.80,($119),-- ,-- 
Essence Durango,Green Cannabis ,19481,5/24/21,Delivered,5/28/21,21,5,2,2021,Free,Grapefruit Rosemary 8oz Single,$0.01,,$0.01,130,$195.00,$1.30,-- ,$1.30,($194),-- ,-- 
Essence Henderson,Green Cannabis ,19484,5/24/21,Delivered,5/28/21,21,5,2,2021,,Lemon Lavender 8oz 6pk,$9.00,,$9.00,82,$738.00,$738.00,-- ,$738.00,-- ,-- ,-- 
Essence Henderson,Green Cannabis ,19484,5/24/21,Delivered,5/28/21,21,5,2,2021,,Blood Orange Cardamom 8oz 6pk,$9.00,,$9.00,72,$648.00,$648.00,-- ,$648.00,-- ,-- ,-- 
Essence Henderson,Green Cannabis ,19484,5/24/21,Delivered,5/28/21,21,5,2,2021,,Grapefruit Rosemary 8oz 6pk,$9.00,,$9.00,25,$225.00,$225.00,-- ,$225.00,-- ,-- ,-- 
Essence Henderson,Las Vegas Releaf,19484,5/24/21,Delivered,5/28/21,21,5,2,2021,,Ginger Lemongrass 8oz 4pk,$7.00,,$7.00,18,$126.00,$126.00,-- ,$126.00,-- ,-- ,-- 
Jenny's Dispensary North Las Vegas,Las Vegas Releaf,19485,5/18/21,Delivered,5/28/21,21,5,2,2021,,Lemon Lavender 8oz 6pk,$9.00,,$9.00,50,$450.00,$450.00,-- ,$450.00,-- ,-- ,-- 
Jenny's Dispensary North Las Vegas,Las Vegas Releaf,19485,5/18/21,Delivered,5/28/21,21,5,2,2021,,Blood Orange Cardamom 8oz 6pk,$9.00,,$9.00,60,$540.00,$540.00,-- ,$540.00,-- ,-- ,-- 
Jenny's Dispensary North Las Vegas,GTI,19485,5/18/21,Delivered,5/28/21,21,5,2,2021,,Grapefruit Rosemary 8oz 6pk,$9.00,,$9.00,50,$450.00,$450.00,-- ,$450.00,-- ,-- ,-- 
Jenny's Dispensary North Las Vegas,GTI,19485,5/18/21,Delivered,5/28/21,21,5,2,2021,,Ginger Lemongrass 12oz Single,$3.00,,$3.00,25,$75.00,$75.00,-- ,$75.00,-- ,-- ,-- 
Jenny's Dispensary North Las Vegas,GTI,19485,5/18/21,Delivered,5/28/21,21,5,2,2021,,Lemon Lavender 8oz 6pk,$9.00,$5.40,$5.40,8,$72.00,$43.20,-- ,$43.20,-- ,($29),-- 
Jenny's Dispensary North Las Vegas,GTI,19485,5/23/21,Delivered,5/28/21,21,5,2,2021,,Blood Orange Cardamom 8oz 6pk,$9.00,$5.40,$5.40,8,$72.00,$43.20,-- ,$43.20,-- ,($29),-- 
Jenny's Dispensary North Las Vegas,GTI,19485,5/24/21,Delivered,5/28/21,21,5,2,2021,,Grapefruit Rosemary 8oz 6pk,$9.00,$5.40,$5.40,4,$36.00,$21.60,-- ,$21.60,-- ,($14),-- 
The Dispensary Henderson,GTI,19499,5/24/21,Delivered,5/28/21,21,5,2,2021,,Lemon Lavender 8oz 6pk,$9.00,,$9.00,7,$63.00,$63.00,-- ,$63.00,-- ,-- ,-- 
The Dispensary Henderson,GTI,19499,5/24/21,Delivered,5/28/21,21,5,2,2021,,Blood Orange Cardamom 8oz 6pk,$9.00,,$9.00,50,$450.00,$450.00,-- ,$450.00,-- ,-- ,-- 
The Dispensary Henderson,GTI,19499,5/24/21,Delivered,5/28/21,21,5,2,2021,,Ginger Lemongrass 8oz 4pk,$7.00,,$7.00,40,$280.00,$280.00,-- ,$280.00,-- ,-- ,-- 
The Dispensary Henderson,GTI,19499,5/24/21,Delivered,5/28/21,21,5,2,2021,,Ginger Lemongrass 12oz Single,$3.00,,$3.00,80,$240.00,$240.00,-- ,$240.00,-- ,-- ,-- 
The Dispensary Henderson,GTI,19499,5/24/21,Delivered,5/28/21,21,5,2,2021,,Lemon Lavender 8oz 6pk,$9.00,$6.70,$6.70,20,$180.00,$134.00,-- ,$134.00,-- ,($46),-- 
The Dispensary Henderson,GTI,19499,5/24/21,Delivered,5/28/21,21,5,2,2021,,Blood Orange Cardamom 8oz 6pk,$9.00,$6.70,$6.70,20,$180.00,$134.00,-- ,$134.00,-- ,($46),-- 
The Dispensary Henderson,GTI,19499,5/24/21,Delivered,5/28/21,21,5,2,2021,,Grapefruit Rosemary 8oz 6pk,$9.00,$6.70,$6.70,20,$180.00,$134.00,-- ,$134.00,-- ,($46),-- 
The Dispensary Las Vegas,GTI,19501,5/24/21,Delivered,5/28/21,21,5,2,2021,,Lemon Lavender 8oz 6pk,$9.00,,$9.00,21,$189.00,$189.00,-- ,$189.00,-- ,-- ,-- 
The Dispensary Las Vegas,GTI,19501,5/24/21,Delivered,5/28/21,21,5,2,2021,,Blood Orange Cardamom 8oz 6pk,$9.00,,$9.00,15,$135.00,$135.00,-- ,$135.00,-- ,-- ,-- 
The Dispensary Las Vegas,GTI,19501,5/24/21,Delivered,5/28/21,21,5,2,2021,,Ginger Lemongrass 8oz 4pk,$7.00,,$7.00,30,$210.00,$210.00,-- ,$210.00,-- ,-- ,-- 
The Dispensary Las Vegas,GTI,19501,5/24/21,Delivered,5/28/21,21,5,2,2021,,Ginger Lemongrass 12oz Single,$3.00,,$3.00,50,$150.00,$150.00,-- ,$150.00,-- ,-- ,-- 
The Dispensary Las Vegas,GTI,19501,5/24/21,Delivered,5/28/21,21,5,2,2021,,Lemon Lavender 8oz 6pk,$9.00,$6.70,$6.70,20,$180.00,$134.00,-- ,$134.00,-- ,($46),-- 
The Dispensary Las Vegas,GTI,19501,5/24/21,Delivered,5/28/21,21,5,2,2021,,Blood Orange Cardamom 8oz 6pk,$9.00,$6.70,$6.70,20,$180.00,$134.00,-- ,$134.00,-- ,($46),-- 
The Dispensary Las Vegas,GTI,19501,5/24/21,Delivered,5/28/21,21,5,2,2021,,Grapefruit Rosemary 8oz 6pk,$9.00,$6.70,$6.70,20,$180.00,$134.00,-- ,$134.00,-- ,($46),-- 
Mynt Downtown,GTI,19502,5/24/21,Delivered,5/28/21,21,5,2,2021,,Lemon Lavender 8oz 6pk,$9.00,,$9.00,14,$126.00,$126.00,-- ,$126.00,-- ,-- ,-- 
Mynt Downtown,GTI,19502,5/24/21,Delivered,5/28/21,21,5,2,2021,,Blood Orange Cardamom 8oz 6pk,$9.00,,$9.00,27,$243.00,$243.00,-- ,$243.00,-- ,-- ,-- 
Mynt Downtown,Jenny's Dispensary,19502,5/24/21,Delivered,5/28/21,21,5,2,2021,,Ginger Lemongrass 8oz 4pk,$7.00,,$7.00,30,$210.00,$210.00,-- ,$210.00,-- ,-- ,-- 
Mynt Downtown,Jenny's Dispensary,19502,5/24/21,Delivered,5/28/21,21,5,2,2021,,Ginger Lemongrass 12oz Single,$3.00,,$3.00,50,$150.00,$150.00,-- ,$150.00,-- ,-- ,-- 
Mynt Downtown,Jenny's Dispensary,19502,5/24/21,Delivered,5/28/21,21,5,2,2021,,Lemon Lavender 8oz 6pk,$9.00,$6.70,$6.70,20,$180.00,$134.00,-- ,$134.00,-- ,($46),-- 
Mynt Downtown,Jenny's Dispensary,19502,5/24/21,Delivered,5/28/21,21,5,2,2021,,Blood Orange Cardamom 8oz 6pk,$9.00,$6.70,$6.70,20,$180.00,$134.00,-- ,$134.00,-- ,($46),-- 
Mynt Downtown,Jenny's Dispensary,19502,5/24/21,Delivered,5/28/21,21,5,2,2021,,Grapefruit Rosemary 8oz 6pk,$9.00,$6.70,$6.70,20,$180.00,$134.00,-- ,$134.00,-- ,($46),-- 
Mynt North,Jenny's Dispensary,19503,5/24/21,Delivered,5/28/21,21,5,2,2021,,Lemon Lavender 8oz 6pk,$9.00,,$9.00,31,$279.00,$279.00,-- ,$279.00,-- ,-- ,-- 
Mynt North,Jenny's Dispensary,19503,5/24/21,Delivered,5/28/21,21,5,2,2021,,Blood Orange Cardamom 8oz 6pk,$9.00,,$9.00,4,$36.00,$36.00,-- ,$36.00,-- ,-- ,-- 
Mynt North,The Dispensary,19503,5/24/21,Delivered,5/28/21,21,5,2,2021,,Ginger Lemongrass 8oz 4pk,$7.00,,$7.00,30,$210.00,$210.00,-- ,$210.00,-- ,-- ,-- 
Mynt North,The Dispensary,19503,5/24/21,Delivered,5/28/21,21,5,2,2021,,Ginger Lemongrass 12oz Single,$3.00,,$3.00,50,$150.00,$150.00,-- ,$150.00,-- ,-- ,-- 
Mynt North,The Dispensary,19503,5/24/21,Delivered,5/28/21,21,5,2,2021,,Lemon Lavender 8oz 6pk,$9.00,$6.70,$6.70,20,$180.00,$134.00,-- ,$134.00,-- ,($46),-- 
Mynt North,The Dispensary,19503,5/24/21,Delivered,5/28/21,21,5,2,2021,,Blood Orange Cardamom 8oz 6pk,$9.00,$6.70,$6.70,20,$180.00,$134.00,-- ,$134.00,-- ,($46),-- 
Mynt North,The Dispensary,19503,5/24/21,Delivered,5/28/21,21,5,2,2021,,Grapefruit Rosemary 8oz 6pk,$9.00,$6.70,$6.70,20,$180.00,$134.00,-- ,$134.00,-- ,($46),-- 
The Dispensary Reno,The Dispensary,19504,5/24/21,Delivered,5/28/21,21,5,2,2021,,Lemon Lavender 8oz 6pk,$9.00,,$9.00,32,$288.00,$288.00,-- ,$288.00,-- ,-- ,-- 
The Dispensary Reno,The Dispensary,19504,5/24/21,Delivered,5/28/21,21,5,2,2021,,Blood Orange Cardamom 8oz 6pk,$9.00,,$9.00,37,$333.00,$333.00,-- ,$333.00,-- ,-- ,-- 
The Dispensary Reno,The Dispensary,19504,5/24/21,Delivered,5/28/21,21,5,2,2021,,Grapefruit Rosemary 8oz 6pk,$9.00,,$9.00,17,$153.00,$153.00,-- ,$153.00,-- ,-- ,-- 
The Dispensary Reno,The Dispensary,19504,5/24/21,Delivered,5/28/21,21,5,2,2021,,Ginger Lemongrass 8oz 4pk,$7.00,,$7.00,50,$350.00,$350.00,-- ,$350.00,-- ,-- ,-- 
The Dispensary Reno,The Dispensary,19504,5/24/21,Delivered,5/28/21,21,5,2,2021,,Ginger Lemongrass 12oz Single,$3.00,,$3.00,100,$300.00,$300.00,-- ,$300.00,-- ,-- ,-- 
The Dispensary Reno,The Dispensary,19504,5/24/21,Delivered,5/28/21,21,5,2,2021,,Lemon Lavender 8oz 6pk,$9.00,$6.70,$6.70,20,$180.00,$134.00,-- ,$134.00,-- ,($46),-- 
The Dispensary Reno,The Dispensary,19504,5/24/21,Delivered,5/28/21,21,5,2,2021,,Blood Orange Cardamom 8oz 6pk,$9.00,$6.70,$6.70,20,$180.00,$134.00,-- ,$134.00,-- ,($46),-- 
The Dispensary Reno,The Dispensary,19504,5/24/21,Delivered,5/28/21,21,5,2,2021,,Grapefruit Rosemary 8oz 6pk,$9.00,$6.70,$6.70,20,$180.00,$134.00,-- ,$134.00,-- ,($46),-- 
NuWu,Nuwu,19505,5/24/21,Delivered,5/28/21,21,5,2,2021,,Lemon Lavender 8oz 6pk,$9.00,$8.00,$8.00,216,"$1,944.00","$1,728.00",-- ,"$1,728.00",-- ,($216),-- 
NuWu,Nuwu,19505,5/24/21,Delivered,5/28/21,21,5,2,2021,,Blood Orange Cardamom 8oz 6pk,$9.00,$8.00,$8.00,216,"$1,944.00","$1,728.00",-- ,"$1,728.00",-- ,($216),-- 
NuWu,Nuwu,19505,5/24/21,Delivered,5/28/21,21,5,2,2021,,Grapefruit Rosemary 8oz 6pk,$9.00,$8.00,$8.00,216,"$1,944.00","$1,728.00",-- ,"$1,728.00",-- ,($216),-- 
NuWu,Nuwu,19505,5/24/21,Delivered,5/28/21,21,5,2,2021,,Ginger Lemongrass 8oz 4pk,$7.00,,$7.00,180,"$1,260.00","$1,260.00",-- ,"$1,260.00",-- ,-- ,-- 
NuWu,Nuwu,19505,5/24/21,Delivered,5/28/21,21,5,2,2021,,Ginger Lemongrass 12oz Single,$3.00,,$3.00,1200,"$3,600.00","$3,600.00",-- ,"$3,600.00",-- ,-- ,-- 
NuWu,Nuwu,19505,5/24/21,Delivered,5/28/21,21,5,2,2021,Promo,Ginger Lemongrass 12oz Single,$0.01,,$0.01,150,-- ,$1.50,-- ,$1.50,-- ,-- ,($449)
Thrive Southern Highlands,Thrive,19525,5/25/21,Delivered,5/28/21,21,5,2,2021,,Lemon Lavender 8oz 6pk,$9.00,,$9.00,30,$270.00,$270.00,-- ,$270.00,-- ,-- ,-- 
Thrive Southern Highlands,Thrive,19525,5/25/21,Delivered,5/28/21,21,5,2,2021,,Blood Orange Cardamom 8oz 6pk,$9.00,,$9.00,20,$180.00,$180.00,-- ,$180.00,-- ,-- ,-- 
Thrive Southern Highlands,Thrive,19525,5/25/21,Delivered,5/28/21,21,5,2,2021,,Grapefruit Rosemary 8oz 6pk,$9.00,,$9.00,40,$360.00,$360.00,-- ,$360.00,-- ,-- ,-- 
Thrive Southern Highlands,Thrive,19525,5/25/21,Delivered,5/28/21,21,5,2,2021,,Ginger Lemongrass 8oz 4pk,$7.00,$1.00,$1.00,25,$175.00,$25.00,-- ,$25.00,-- ,($150),-- 
Thrive Southern Highlands,Thrive,19525,5/25/21,Delivered,5/28/21,21,5,2,2021,,Ginger Lemongrass 12oz Single,$3.00,$0.75,$0.75,100,$300.00,$75.00,-- ,$75.00,-- ,($225),-- 
Thrive North Las Vegas,Thrive,19526,5/25/21,Delivered,5/28/21,21,5,2,2021,,Lemon Lavender 8oz 6pk,$9.00,,$9.00,40,$360.00,$360.00,-- ,$360.00,-- ,-- ,-- 
Thrive North Las Vegas,Thrive,19526,5/25/21,Delivered,5/28/21,21,5,2,2021,,Blood Orange Cardamom 8oz 6pk,$9.00,,$9.00,40,$360.00,$360.00,-- ,$360.00,-- ,-- ,-- 
Thrive North Las Vegas,Thrive,19526,5/25/21,Delivered,5/28/21,21,5,2,2021,,Grapefruit Rosemary 8oz 6pk,$9.00,,$9.00,40,$360.00,$360.00,-- ,$360.00,-- ,-- ,-- 
Thrive North Las Vegas,Thrive,19526,5/25/21,Delivered,5/28/21,21,5,2,2021,,Ginger Lemongrass 8oz 4pk,$7.00,,$1.00,50,$350.00,$50.00,-- ,$50.00,-- ,($300),-- 
Thrive North Las Vegas,Thrive,19526,5/25/21,Delivered,5/28/21,21,5,2,2021,,Ginger Lemongrass 12oz Single,$3.00,,$0.75,125,$375.00,$93.75,-- ,$93.75,-- ,($281),-- 
Thrive Southern Highlands,Thrive,19836,5/14/21,Delivered,5/28/21,21,5,2,2021,,Lemon Lavender 8oz 6pk,$9.00,,$9.00,50,$450.00,$450.00,-- ,$450.00,-- ,-- ,-- 
Thrive Southern Highlands,Thrive,19836,5/14/21,Delivered,5/28/21,21,5,2,2021,,Blood Orange Cardamom 8oz 6pk,$9.00,,$9.00,50,$450.00,$450.00,-- ,$450.00,-- ,-- ,-- 
Thrive Southern Highlands,Thrive,19836,5/14/21,Delivered,5/28/21,21,5,2,2021,,Ginger Lemongrass 8oz 4pk,$7.00,,$7.00,40,$280.00,$280.00,-- ,$280.00,-- ,-- ,-- 
Thrive Southern Highlands,Thrive,19836,5/14/21,Delivered,5/28/21,21,5,2,2021,,Ginger Lemongrass 12oz Single,$3.00,,$3.00,40,$120.00,$120.00,-- ,$120.00,-- ,-- ,-- 
The Grove Las Vegas,The Grove Las Vegas,19506,5/26/21,Delivered,6/2/21,22,6,2,2021,,Lemon Lavender 8oz 6pk,$9.00,,$9.00,28,$252.00,$252.00,-- ,$252.00,-- ,-- ,-- 
The Grove Las Vegas,The Grove Las Vegas,19506,5/26/21,Delivered,6/2/21,22,6,2,2021,,Blood Orange Cardamom 8oz 6pk,$9.00,,$9.00,28,$252.00,$252.00,-- ,$252.00,-- ,-- ,-- 
The Grove Las Vegas,The Grove Las Vegas,19506,5/26/21,Delivered,6/2/21,22,6,2,2021,,Grapefruit Rosemary 8oz 6pk,$9.00,,$9.00,28,$252.00,$252.00,-- ,$252.00,-- ,-- ,-- 
The Grove Las Vegas,The Grove Las Vegas,19506,5/26/21,Delivered,6/2/21,22,6,2,2021,,Ginger Lemongrass 8oz 4pk,$7.00,,$7.00,28,$196.00,$196.00,-- ,$196.00,-- ,-- ,-- 
The Grove Las Vegas,The Grove Las Vegas,19506,5/26/21,Delivered,6/2/21,22,6,2,2021,,Ginger Lemongrass 12oz Single,$3.00,,$3.00,42,$126.00,$126.00,-- ,$126.00,-- ,-- ,-- 
The Grove Las Vegas,The Grove Las Vegas,19506,5/26/21,Delivered,6/2/21,22,6,2,2021,Promo,Ginger Lemongrass 12oz Single,$0.01,,$0.01,60,-- ,$0.60,-- ,$0.60,-- ,-- ,($179)
The Grove Las Vegas,The Grove Las Vegas,19506,5/26/21,Delivered,6/2/21,22,6,2,2021,Promo,Lemon Lavender 8oz 6pk,$0.01,,$0.01,12,-- ,$0.12,-- ,$0.12,-- ,-- ,($108)
The Grove Las Vegas,The Grove Las Vegas,19506,5/26/21,Delivered,6/2/21,22,6,2,2021,Promo,Blood Orange Cardamom 8oz 6pk,$0.01,,$0.01,12,-- ,$0.12,-- ,$0.12,-- ,-- ,($108)
The Grove Las Vegas,The Grove Las Vegas,19506,5/26/21,Delivered,6/2/21,22,6,2,2021,Promo,Grapefruit Rosemary 8oz 6pk,$0.01,,$0.01,12,-- ,$0.12,-- ,$0.12,-- ,-- ,($108)
Cultivate,Cultivate,19547,5/27/21,Delivered,6/2/21,22,6,2,2021,,Lemon Lavender 8oz 6pk,$9.00,,$9.00,24,$216.00,$216.00,-- ,$216.00,-- ,-- ,-- 
Cultivate,Cultivate,19547,5/27/21,Delivered,6/2/21,22,6,2,2021,,Blood Orange Cardamom 8oz 6pk,$9.00,,$9.00,24,$216.00,$216.00,-- ,$216.00,-- ,-- ,-- 
Cultivate,Cultivate,19547,5/27/21,Delivered,6/2/21,22,6,2,2021,,Grapefruit Rosemary 8oz 6pk,$9.00,,$9.00,24,$216.00,$216.00,-- ,$216.00,-- ,-- ,-- 
Cultivate,Cultivate,19547,5/27/21,Delivered,6/2/21,22,6,2,2021,,Ginger Lemongrass 8oz 4pk,$7.00,,$7.00,6,$42.00,$42.00,-- ,$42.00,-- ,-- ,-- 
Cultivate,Cultivate,19547,5/27/21,Delivered,6/2/21,22,6,2,2021,,Ginger Lemongrass 12oz Single,$3.00,,$3.00,48,$144.00,$144.00,-- ,$144.00,-- ,-- ,-- 
Cultivate,Cultivate,19547,5/27/21,Delivered,6/2/21,22,6,2,2021,Promo,Lemon Lavender 8oz 6pk,$0.01,,$0.01,16,-- ,$0.16,-- ,$0.16,-- ,-- ,($144)
Cultivate,Cultivate,19547,5/27/21,Delivered,6/2/21,22,6,2,2021,Promo,Blood Orange Cardamom 8oz 6pk,$0.01,,$0.01,16,-- ,$0.16,-- ,$0.16,-- ,-- ,($144)
Cultivate,Cultivate,19547,5/27/21,Delivered,6/2/21,22,6,2,2021,Promo,Grapefruit Rosemary 8oz 6pk,$0.01,,$0.01,16,-- ,$0.16,-- ,$0.16,-- ,-- ,($144)
Cultivate,Cultivate,19547,5/27/21,Delivered,6/2/21,22,6,2,2021,Promo,Ginger Lemongrass 12oz Single,$0.01,,$0.01,24,-- ,$0.24,-- ,$0.24,-- ,-- ,($72)
Essence Tropicana,GTI,19605,5/24/21,Delivered,6/2/21,22,6,2,2021,,Lemon Lavender 8oz 6pk,$9.00,,$9.00,40,$360.00,$360.00,-- ,$360.00,-- ,-- ,-- 
Essence Tropicana,GTI,19605,5/24/21,Delivered,6/2/21,22,6,2,2021,,Blood Orange Cardamom 8oz 6pk,$9.00,,$9.00,30,$270.00,$270.00,-- ,$270.00,-- ,-- ,-- 
Essence Tropicana,GTI,19605,5/24/21,Delivered,6/2/21,22,6,2,2021,,Ginger Lemongrass 8oz 4pk,$7.00,,$7.00,10,$70.00,$70.00,-- ,$70.00,-- ,-- ,-- 
Essence Tropicana,GTI,19605,5/24/21,Delivered,6/2/21,22,6,2,2021,,Ginger Lemongrass 12oz Single,$3.00,,$3.00,80,$240.00,$240.00,-- ,$240.00,-- ,-- ,-- 
Essence Tropicana,GTI,19605,5/24/21,Delivered,6/2/21,22,6,2,2021,Free,Lemon Lavender 8oz Single,$0.01,,$0.01,300,$450.00,$3.00,-- ,$3.00,($447),-- ,-- 
Essence Tropicana,GTI,19605,5/24/21,Delivered,6/2/21,22,6,2,2021,Free,Blood Orange Cardamom 8oz Single,$0.01,,$0.01,300,$450.00,$3.00,-- ,$3.00,($447),-- ,-- 
Essence Tropicana,GTI,19605,5/24/21,Delivered,6/2/21,22,6,2,2021,Free,Grapefruit Rosemary 8oz Single,$0.01,,$0.01,300,$450.00,$3.00,-- ,$3.00,($447),-- ,-- 
Thrive Reno,Thrive,19541,5/25/21,Delivered,6/3/21,22,6,2,2021,,Lemon Lavender 8oz 6pk,$9.00,,$9.00,40,$360.00,$360.00,-- ,$360.00,-- ,-- ,-- 
Thrive Reno,Thrive,19541,5/25/21,Delivered,6/3/21,22,6,2,2021,,Blood Orange Cardamom 8oz 6pk,$9.00,,$9.00,30,$270.00,$270.00,-- ,$270.00,-- ,-- ,-- 
Thrive Reno,Thrive,19541,5/25/21,Delivered,6/3/21,22,6,2,2021,,Grapefruit Rosemary 8oz 6pk,$9.00,,$9.00,40,$360.00,$360.00,-- ,$360.00,-- ,-- ,-- 
Thrive Reno,Thrive,19541,5/25/21,Delivered,6/3/21,22,6,2,2021,,Ginger Lemongrass 8oz 4pk,$7.00,,$1.00,50,$350.00,$50.00,-- ,$50.00,-- ,($300),-- 
Thrive Reno,Thrive,19541,5/25/21,Delivered,6/3/21,22,6,2,2021,,Ginger Lemongrass 12oz Single,$3.00,,$0.75,100,$300.00,$75.00,-- ,$75.00,-- ,($225),-- 
Thrive DTLV,Thrive,19542,5/25/21,Delivered,6/3/21,22,6,2,2021,,Lemon Lavender 8oz 6pk,$9.00,,$9.00,20,$180.00,$180.00,-- ,$180.00,-- ,-- ,-- 
Thrive DTLV,Thrive,19542,5/25/21,Delivered,6/3/21,22,6,2,2021,,Blood Orange Cardamom 8oz 6pk,$9.00,,$9.00,20,$180.00,$180.00,-- ,$180.00,-- ,-- ,-- 
Thrive DTLV,Thrive,19542,5/25/21,Delivered,6/3/21,22,6,2,2021,,Grapefruit Rosemary 8oz 6pk,$9.00,,$9.00,20,$180.00,$180.00,-- ,$180.00,-- ,-- ,-- 
Thrive DTLV,Thrive,19542,5/25/21,Delivered,6/3/21,22,6,2,2021,,Ginger Lemongrass 8oz 4pk,$7.00,,$1.00,50,$350.00,$50.00,-- ,$50.00,-- ,($300),-- 
Thrive West Sahara,Thrive,19546,5/25/21,Delivered,6/3/21,22,6,2,2021,,Lemon Lavender 8oz 6pk,$9.00,,$9.00,20,$180.00,$180.00,-- ,$180.00,-- ,-- ,-- 
Thrive West Sahara,Thrive,19546,5/25/21,Delivered,6/3/21,22,6,2,2021,,Blood Orange Cardamom 8oz 6pk,$9.00,,$9.00,30,$270.00,$270.00,-- ,$270.00,-- ,-- ,-- 
Thrive West Sahara,Thrive,19546,5/25/21,Delivered,6/3/21,22,6,2,2021,,Grapefruit Rosemary 8oz 6pk,$9.00,,$9.00,20,$180.00,$180.00,-- ,$180.00,-- ,-- ,-- 
Thrive West Sahara,Thrive,19546,5/25/21,Delivered,6/3/21,22,6,2,2021,,Ginger Lemongrass 8oz 4pk,$7.00,,$1.00,25,$175.00,$25.00,-- ,$25.00,-- ,($150),-- 
Thrive West Sahara,Thrive,19546,5/25/21,Delivered,6/3/21,22,6,2,2021,,Ginger Lemongrass 12oz Single,$3.00,,$0.75,75,$225.00,$56.25,-- ,$56.25,-- ,($169),-- 
Exhale,Exhale,19548,5/26/21,Delivered,6/3/21,22,6,2,2021,,Lemon Lavender 8oz 6pk,$9.00,,$9.00,28,$252.00,$252.00,-- ,$252.00,-- ,-- ,-- 
Exhale,Exhale,19548,5/26/21,Delivered,6/3/21,22,6,2,2021,,Blood Orange Cardamom 8oz 6pk,$9.00,,$9.00,28,$252.00,$252.00,-- ,$252.00,-- ,-- ,-- 
Exhale,Exhale,19548,5/26/21,Delivered,6/3/21,22,6,2,2021,,Grapefruit Rosemary 8oz 6pk,$9.00,,$9.00,28,$252.00,$252.00,-- ,$252.00,-- ,-- ,-- 
Exhale,Exhale,19548,5/26/21,Delivered,6/3/21,22,6,2,2021,,Ginger Lemongrass 12oz Single,$3.00,,$3.00,72,$216.00,$216.00,-- ,$216.00,-- ,-- ,-- 
Exhale,Exhale,19548,5/26/21,Delivered,6/3/21,22,6,2,2021,B. Sample,Ginger Lemongrass 12oz Single,$0.01,,$0.01,24,$72.00,$0.24,-- ,$0.24,-- ,-- ,-- 
Exhale,Exhale,19548,5/26/21,Delivered,6/3/21,22,6,2,2021,B. Sample,Lemon Lavender 8oz 6pk,$0.01,,$0.01,4,$36.00,$0.04,-- ,$0.04,-- ,-- ,-- 
Exhale,Exhale,19548,5/26/21,Delivered,6/3/21,22,6,2,2021,B. Sample,Blood Orange Cardamom 8oz 6pk,$0.01,,$0.01,4,$36.00,$0.04,-- ,$0.04,-- ,-- ,-- 
Exhale,Exhale,19548,5/26/21,Delivered,6/3/21,22,6,2,2021,B. Sample,Grapefruit Rosemary 8oz 6pk,$0.01,,$0.01,4,$36.00,$0.04,-- ,$0.04,-- ,-- ,-- 
Green Cannabis ,Green Cannabis ,19548,6/2/21,Delivered,6/4/21,22,6,2,2021,,Grapefruit Rosemary 8oz 6pk,$9.00,,$9.00,4,$36.00,$36.00,-- ,$36.00,-- ,-- ,-- 
Essence Rainbow,GTI,19604,6/2/21,Delivered,6/4/21,22,6,2,2021,,Lemon Lavender 8oz 6pk,$9.00,,$9.00,44,$396.00,$396.00,-- ,$396.00,-- ,-- ,-- 
Essence Rainbow,GTI,19604,6/2/21,Delivered,6/4/21,22,6,2,2021,,Blood Orange Cardamom 8oz 6pk,$9.00,,$9.00,72,$648.00,$648.00,-- ,$648.00,-- ,-- ,-- 
Essence Rainbow,GTI,19604,6/2/21,Delivered,6/4/21,22,6,2,2021,,Grapefruit Rosemary 8oz 6pk,$9.00,,$9.00,56,$504.00,$504.00,-- ,$504.00,-- ,-- ,-- 
Essence Rainbow,GTI,19604,6/2/21,Delivered,6/4/21,22,6,2,2021,,Ginger Lemongrass 8oz 4pk,$7.00,,$7.00,72,$504.00,$504.00,-- ,$504.00,-- ,-- ,-- 
Essence Rainbow,GTI,19604,6/2/21,Delivered,6/4/21,22,6,2,2021,,Ginger Lemongrass 12oz Single,$3.00,,$3.00,24,$72.00,$72.00,-- ,$72.00,-- ,-- ,-- 
Essence Rainbow,GTI,19604,6/2/21,Delivered,6/4/21,22,6,2,2021,Free,Lemon Lavender 8oz Single,$0.01,,$0.01,200,$300.00,$2.00,-- ,$2.00,($298),-- ,-- 
Essence Rainbow,GTI,19604,6/2/21,Delivered,6/4/21,22,6,2,2021,Free,Blood Orange Cardamom 8oz Single,$0.01,,$0.01,200,$300.00,$2.00,-- ,$2.00,($298),-- ,-- 
Essence Rainbow,GTI,19604,6/2/21,Delivered,6/4/21,22,6,2,2021,Free,Grapefruit Rosemary 8oz Single,$0.01,,$0.01,200,$300.00,$2.00,-- ,$2.00,($298),-- ,-- 
Essence Tropicana,GTI,19605,6/2/21,Delivered,6/4/21,22,6,2,2021,,Lemon Lavender 8oz 6pk,$9.00,,$9.00,32,$288.00,$288.00,-- ,$288.00,-- ,-- ,-- 
Essence Tropicana,GTI,19605,6/2/21,Delivered,6/4/21,22,6,2,2021,,Blood Orange Cardamom 8oz 6pk,$9.00,,$9.00,8,$72.00,$72.00,-- ,$72.00,-- ,-- ,-- 
Essence Tropicana,GTI,19605,6/2/21,Delivered,6/4/21,22,6,2,2021,,Ginger Lemongrass 8oz 4pk,$7.00,,$7.00,24,$168.00,$168.00,-- ,$168.00,-- ,-- ,-- 
Essence Durango,GTI,19608,6/2/21,Delivered,6/4/21,22,6,2,2021,,Lemon Lavender 8oz 6pk,$9.00,,$9.00,8,$72.00,$72.00,-- ,$72.00,-- ,-- ,-- 
Essence Durango,GTI,19608,6/2/21,Delivered,6/4/21,22,6,2,2021,,Blood Orange Cardamom 8oz 6pk,$9.00,,$9.00,48,$432.00,$432.00,-- ,$432.00,-- ,-- ,-- 
Essence Durango,GTI,19608,6/2/21,Delivered,6/4/21,22,6,2,2021,,Grapefruit Rosemary 8oz 6pk,$9.00,,$9.00,20,$180.00,$180.00,-- ,$180.00,-- ,-- ,-- 
Essence Durango,GTI,19608,6/2/21,Delivered,6/4/21,22,6,2,2021,,Ginger Lemongrass 8oz 4pk,$7.00,,$7.00,24,$168.00,$168.00,-- ,$168.00,-- ,-- ,-- 
Essence Durango,GTI,19608,6/2/21,Delivered,6/4/21,22,6,2,2021,,Ginger Lemongrass 12oz Single,$3.00,,$3.00,168,$504.00,$504.00,-- ,$504.00,-- ,-- ,-- 
Essence Durango,GTI,19608,6/2/21,Delivered,6/4/21,22,6,2,2021,Free,Lemon Lavender 8oz Single,$0.01,,$0.01,144,$216.00,$1.44,-- ,$1.44,($215),-- ,-- 
Essence Durango,GTI,19608,6/2/21,Delivered,6/4/21,22,6,2,2021,Free,Blood Orange Cardamom 8oz Single,$0.01,,$0.01,192,$288.00,$1.92,-- ,$1.92,($286),-- ,-- 
Essence Durango,GTI,19608,6/2/21,Delivered,6/4/21,22,6,2,2021,Free,Grapefruit Rosemary 8oz Single,$0.01,,$0.01,96,$144.00,$0.96,-- ,$0.96,($143),-- ,-- 
Essence Henderson,GTI,19609,6/2/21,Delivered,6/4/21,22,6,2,2021,,Lemon Lavender 8oz 6pk,$9.00,,$9.00,8,$72.00,$72.00,-- ,$72.00,-- ,-- ,-- 
Essence Henderson,GTI,19609,6/2/21,Delivered,6/4/21,22,6,2,2021,,Blood Orange Cardamom 8oz 6pk,$9.00,,$9.00,24,$216.00,$216.00,-- ,$216.00,-- ,-- ,-- 
Essence Henderson,GTI,19609,6/2/21,Delivered,6/4/21,22,6,2,2021,,Grapefruit Rosemary 8oz 6pk,$9.00,,$9.00,20,$180.00,$180.00,-- ,$180.00,-- ,-- ,-- 
Essence Henderson,GTI,19609,6/2/21,Delivered,6/4/21,22,6,2,2021,,Ginger Lemongrass 8oz 4pk,$7.00,,$7.00,24,$168.00,$168.00,-- ,$168.00,-- ,-- ,-- 
Las Vegas ReLeaf,Las Vegas Releaf,19599,5/28/21,Delivered,6/7/21,23,6,2,2021,,Lemon Lavender 8oz 6pk,$9.00,,$9.00,40,$360.00,$360.00,-- ,$360.00,-- ,-- ,-- 
Las Vegas ReLeaf,Las Vegas Releaf,19599,5/28/21,Delivered,6/7/21,23,6,2,2021,,Blood Orange Cardamom 8oz 6pk,$9.00,,$9.00,40,$360.00,$360.00,-- ,$360.00,-- ,-- ,-- 
Las Vegas ReLeaf,Las Vegas Releaf,19599,5/28/21,Delivered,6/7/21,23,6,2,2021,,Grapefruit Rosemary 8oz 6pk,$9.00,,$9.00,16,$144.00,$144.00,-- ,$144.00,-- ,-- ,-- 
Medmen Spring Valley,MedMen,19619,5/26/21,Delivered,6/7/21,23,6,2,2021,,Lemon Lavender 8oz 6pk,$9.00,,$9.00,100,$900.00,$900.00,-- ,$900.00,-- ,-- ,-- 
Medmen DTLV,MedMen,19620,5/26/21,Delivered,6/7/21,23,6,2,2021,,Lemon Lavender 8oz 6pk,$9.00,,$9.00,80,$720.00,$720.00,-- ,$720.00,-- ,-- ,-- 
Rise Carson City,GTI,19611,6/2/21,Delivered,6/8/21,23,6,2,2021,,Lemon Lavender 8oz 6pk,$9.00,,$9.00,44,$396.00,$396.00,-- ,$396.00,-- ,-- ,-- 
Rise Carson City,GTI,19611,6/2/21,Delivered,6/8/21,23,6,2,2021,,Blood Orange Cardamom 8oz 6pk,$9.00,,$9.00,48,$432.00,$432.00,-- ,$432.00,-- ,-- ,-- 
Rise Carson City,GTI,19611,6/2/21,Delivered,6/8/21,23,6,2,2021,,Grapefruit Rosemary 8oz 6pk,$9.00,,$9.00,32,$288.00,$288.00,-- ,$288.00,-- ,-- ,-- 
Rise Carson City,GTI,19611,6/2/21,Delivered,6/8/21,23,6,2,2021,,Ginger Lemongrass 8oz 4pk,$7.00,,$7.00,42,$294.00,$294.00,-- ,$294.00,-- ,-- ,-- 
Rise Carson City,GTI,19611,6/2/21,Delivered,6/8/21,23,6,2,2021,,Ginger Lemongrass 12oz Single,$3.00,,$3.00,96,$288.00,$288.00,-- ,$288.00,-- ,-- ,-- 
Thrive DTLV,Thrive,19542,5/25/21,Delivered,6/9/21,23,6,2,2021,,Ginger Lemongrass 12oz Single,$3.00,,$0.75,100,$300.00,$75.00,-- ,$75.00,-- ,($225),-- 
Vegas Treehouse,Vegas Treehouse,19656,6/7/21,Delivered,6/10/21,23,6,2,2021,Free,Lemon Lavender 8oz Single,$0.01,,$0.01,48,$72.00,$0.48,-- ,$0.48,($72),-- ,-- 
Vegas Treehouse,Vegas Treehouse,19656,6/7/21,Delivered,6/10/21,23,6,2,2021,Free,Blood Orange Cardamom 8oz Single,$0.01,,$0.01,48,$72.00,$0.48,-- ,$0.48,($72),-- ,-- 
Vegas Treehouse,Vegas Treehouse,19656,6/7/21,Delivered,6/10/21,23,6,2,2021,Free,Grapefruit Rosemary 8oz Single,$0.01,,$0.01,48,$72.00,$0.48,-- ,$0.48,($72),-- ,-- 
Thrive North Las Vegas,Thrive,19657,6/7/21,Delivered,6/10/21,23,6,2,2021,,Ginger Lemongrass 8oz 4pk,$7.00,,$7.00,50,$350.00,$350.00,-- ,$350.00,-- ,-- ,-- 
Thrive North Las Vegas,Thrive,19657,6/7/21,Delivered,6/10/21,23,6,2,2021,Promo,Lemon Lavender 8oz 6pk,$0.01,,$0.01,7,-- ,$0.07,-- ,$0.07,-- ,-- ,($63)
Thrive North Las Vegas,Thrive,19657,6/7/21,Delivered,6/11/21,23,6,2,2021,Promo,Blood Orange Cardamom 8oz 6pk,$0.01,,$0.01,7,-- ,$0.07,-- ,$0.07,-- ,-- ,($63)
The Dispensary Henderson,The Dispensary,19680,6/7/21,Delivered,6/11/21,23,6,2,2021,,Lemon Lavender 8oz 6pk,$9.00,,$9.00,49,$441.00,$441.00,-- ,$441.00,-- ,-- ,-- 
The Dispensary Henderson,The Dispensary,19680,6/7/21,Delivered,6/11/21,23,6,2,2021,,Blood Orange Cardamom 8oz 6pk,$9.00,,$9.00,47,$423.00,$423.00,-- ,$423.00,-- ,-- ,-- 
The Dispensary Henderson,The Dispensary,19680,6/7/21,Delivered,6/11/21,23,6,2,2021,,Grapefruit Rosemary 8oz 6pk,$9.00,,$9.00,25,$225.00,$225.00,-- ,$225.00,-- ,-- ,-- 
The Dispensary Henderson,The Dispensary,19680,6/7/21,Delivered,6/11/21,23,6,2,2021,,Ginger Lemongrass 8oz 4pk,$7.00,,$7.00,12,$84.00,$84.00,-- ,$84.00,-- ,-- ,-- 
The Dispensary Henderson,The Dispensary,19680,6/7/21,Delivered,6/11/21,23,6,2,2021,,Ginger Lemongrass 12oz Single,$3.00,,$3.00,28,$84.00,$84.00,-- ,$84.00,-- ,-- ,-- 
Reef Dispensaries,Reef Dispensaries,19646,6/7/21,Delivered,6/14/21,24,6,2,2021,,Lemon Lavender 8oz 6pk,$9.00,,$9.00,68,$612.00,$612.00,-- ,$612.00,-- ,-- ,-- 
Reef Dispensaries,Reef Dispensaries,19646,6/7/21,Delivered,6/14/21,24,6,2,2021,,Blood Orange Cardamom 8oz 6pk,$9.00,,$9.00,68,$612.00,$612.00,-- ,$612.00,-- ,-- ,-- 
Reef Dispensaries,Reef Dispensaries,19646,6/7/21,Delivered,6/14/21,24,6,2,2021,,Grapefruit Rosemary 8oz 6pk,$9.00,,$9.00,68,$612.00,$612.00,-- ,$612.00,-- ,-- ,-- 
Reef Dispensaries,Reef Dispensaries,19646,6/7/21,Delivered,6/14/21,24,6,2,2021,,Ginger Lemongrass 8oz 4pk,$7.00,,$7.00,120,$840.00,$840.00,-- ,$840.00,-- ,-- ,-- 
Reef Dispensaries,Reef Dispensaries,19646,6/7/21,Delivered,6/14/21,24,6,2,2021,,Ginger Lemongrass 12oz Single,$3.00,,$3.00,168,$504.00,$504.00,-- ,$504.00,-- ,-- ,-- 
Apothecarium,Apothecarium,,6/10/21,Delivered,6/15/21,24,6,2,2021,,Lemon Lavender 8oz 6pk,$9.00,,$9.00,40,$360.00,$360.00,-- ,$360.00,-- ,-- ,-- 
Apothecarium,Apothecarium,,6/10/21,Delivered,6/15/21,24,6,2,2021,,Blood Orange Cardamom 8oz 6pk,$9.00,,$9.00,60,$540.00,$540.00,-- ,$540.00,-- ,-- ,-- 
Apothecarium,Apothecarium,,6/10/21,Delivered,6/15/21,24,6,2,2021,,Grapefruit Rosemary 8oz 6pk,$9.00,,$9.00,20,$180.00,$180.00,-- ,$180.00,-- ,-- ,-- 
Apothecarium,Apothecarium,,6/10/21,Delivered,6/15/21,24,6,2,2021,,Ginger Lemongrass 12oz Single,$3.00,,$3.00,40,$120.00,$120.00,-- ,$120.00,-- ,-- ,-- 
Apothecarium,Apothecarium,,6/10/21,Delivered,6/15/21,24,6,2,2021,B. Sample,Ginger Lemongrass 12oz Single,$0.01,,$0.01,144,$432.00,$1.44,-- ,$1.44,-- ,-- ,-- 
Apothecarium,Apothecarium,,6/10/21,Delivered,6/15/21,24,6,2,2021,B. Sample,Ginger Lemongrass 8oz 4pk,$0.01,,$0.01,100,$700.00,$1.00,-- ,$1.00,-- ,-- ,-- 
Wallflower,Wallflower,,6/10/21,Delivered,6/15/21,24,6,2,2021,,Lemon Lavender 8oz 6pk,$9.00,,$9.00,20,$180.00,$180.00,-- ,$180.00,-- ,-- ,-- 
Wallflower,Wallflower,,6/10/21,Delivered,6/15/21,24,6,2,2021,,Blood Orange Cardamom 8oz 6pk,$9.00,,$9.00,20,$180.00,$180.00,-- ,$180.00,-- ,-- ,-- 
Wallflower,Wallflower,,6/10/21,Delivered,6/15/21,24,6,2,2021,,Grapefruit Rosemary 8oz 6pk,$9.00,,$9.00,10,$90.00,$90.00,-- ,$90.00,-- ,-- ,-- 
Wallflower,Wallflower,,6/10/21,Delivered,6/15/21,24,6,2,2021,Promo,Lemon Lavender 8oz 6pk,$0.01,,$0.01,10,-- ,$0.10,-- ,$0.10,-- ,-- ,($90)
Wallflower,Wallflower,,6/10/21,Delivered,6/15/21,24,6,2,2021,Promo,Blood Orange Cardamom 8oz 6pk,$0.01,,$0.01,10,-- ,$0.10,-- ,$0.10,-- ,-- ,($90)
Wallflower,Wallflower,,6/10/21,Delivered,6/15/21,24,6,2,2021,Promo,Grapefruit Rosemary 8oz 6pk,$0.01,,$0.01,5,-- ,$0.05,-- ,$0.05,-- ,-- ,($45)
Wallflower,Wallflower,,6/10/21,Delivered,6/15/21,24,6,2,2021,,Ginger Lemongrass 8oz 4pk,$7.00,,$7.00,12,$84.00,$84.00,-- ,$84.00,-- ,-- ,-- 
Wallflower,Wallflower,,6/10/21,Delivered,6/15/21,24,6,2,2021,,Ginger Lemongrass 12oz Single,$3.00,,$3.00,48,$144.00,$144.00,-- ,$144.00,-- ,-- ,-- 
Wallflower,Wallflower,,6/10/21,Delivered,6/15/21,24,6,2,2021,B. Sample,Ginger Lemongrass 12oz Single,$0.01,,$0.01,48,$144.00,$0.48,-- ,$0.48,-- ,-- ,-- 
Wallflower,Wallflower,,6/10/21,Delivered,6/15/21,24,6,2,2021,B. Sample,Ginger Lemongrass 8oz 4pk,$0.01,,$0.01,24,$168.00,$0.24,-- ,$0.24,-- ,-- ,-- 
NeWe,NeWe,,6/10/21,Delivered,6/16/21,24,6,2,2021,,Lemon Lavender 8oz 6pk,$9.00,$8.10,$8.10,40,$360.00,$324.00,-- ,$324.00,-- ,($36),-- 
NeWe,NeWe,,6/10/21,Delivered,6/16/21,24,6,2,2021,,Blood Orange Cardamom 8oz 6pk,$9.00,$8.10,$8.10,40,$360.00,$324.00,-- ,$324.00,-- ,($36),-- 
NeWe,NeWe,,6/10/21,Delivered,6/16/21,24,6,2,2021,,Grapefruit Rosemary 8oz 6pk,$9.00,$8.10,$8.10,40,$360.00,$324.00,-- ,$324.00,-- ,($36),-- 
NeWe,NeWe,,6/10/21,Delivered,6/16/21,24,6,2,2021,,Ginger Lemongrass 8oz 4pk,$7.00,$5.95,$5.95,72,$504.00,$428.40,-- ,$428.40,-- ,($76),-- 
NeWe,NeWe,,6/10/21,Delivered,6/16/21,24,6,2,2021,,Ginger Lemongrass 12oz Single,$3.00,$2.55,$2.55,288,$864.00,$734.40,-- ,$734.40,-- ,($130),-- 
Essence Tropicana,GTI,,6/14/21,Delivered,6/17/21,24,6,2,2021,,Lemon Lavender 8oz 6pk,$9.00,,$9.00,48,$432.00,$432.00,-- ,$432.00,-- ,-- ,-- 
Essence Tropicana,GTI,,6/14/21,Delivered,6/17/21,24,6,2,2021,,Blood Orange Cardamom 8oz 6pk,$9.00,,$9.00,12,$108.00,$108.00,-- ,$108.00,-- ,-- ,-- 
Essence Tropicana,GTI,,6/14/21,Delivered,6/17/21,24,6,2,2021,,Grapefruit Rosemary 8oz 6pk,$9.00,,$9.00,28,$252.00,$252.00,-- ,$252.00,-- ,-- ,-- 
Essence Tropicana,GTI,,6/14/21,Delivered,6/17/21,24,6,2,2021,,Ginger Lemongrass 8oz 4pk,$7.00,,$7.00,42,$294.00,$294.00,-- ,$294.00,-- ,-- ,-- 
Essence Tropicana,GTI,,6/14/21,Delivered,6/17/21,24,6,2,2021,,Ginger Lemongrass 12oz Single,$3.00,,$3.00,72,$216.00,$216.00,-- ,$216.00,-- ,-- ,-- 
Essence Tropicana,GTI,,6/14/21,Delivered,6/17/21,24,6,2,2021,Free,Lemon Lavender 8oz Single,$0.01,,$0.01,72,$108.00,$0.72,-- ,$0.72,($107),-- ,-- 
Essence Tropicana,GTI,,6/14/21,Delivered,6/17/21,24,6,2,2021,Free,Blood Orange Cardamom 8oz Single,$0.01,,$0.01,120,$180.00,$1.20,-- ,$1.20,($179),-- ,-- 
Essence Tropicana,GTI,,6/14/21,Delivered,6/17/21,24,6,2,2021,Free,Grapefruit Rosemary 8oz Single,$0.01,,$0.01,96,$144.00,$0.96,-- ,$0.96,($143),-- ,-- 
Essence Rainbow,GTI,,6/14/21,Delivered,6/17/21,24,6,2,2021,,Lemon Lavender 8oz 6pk,$9.00,,$9.00,40,$360.00,$360.00,-- ,$360.00,-- ,-- ,-- 
Essence Rainbow,GTI,,6/14/21,Delivered,6/17/21,24,6,2,2021,,Blood Orange Cardamom 8oz 6pk,$9.00,,$9.00,52,$468.00,$468.00,-- ,$468.00,-- ,-- ,-- 
Essence Rainbow,GTI,,6/14/21,Delivered,6/17/21,24,6,2,2021,,Ginger Lemongrass 12oz Single,$3.00,,$3.00,176,$528.00,$528.00,-- ,$528.00,-- ,-- ,-- 
Essence Rainbow,GTI,,6/14/21,Delivered,6/17/21,24,6,2,2021,Free,Lemon Lavender 8oz Single,$0.01,,$0.01,288,$432.00,$2.88,-- ,$2.88,($429),-- ,-- 
Essence Rainbow,GTI,,6/14/21,Delivered,6/17/21,24,6,2,2021,Free,Blood Orange Cardamom 8oz Single,$0.01,,$0.01,216,$324.00,$2.16,-- ,$2.16,($322),-- ,-- 
Essence Rainbow,GTI,,6/14/21,Delivered,6/17/21,24,6,2,2021,Free,Grapefruit Rosemary 8oz Single,$0.01,,$0.01,72,$108.00,$0.72,-- ,$0.72,($107),-- ,-- 
Essence Henderson,GTI,,6/14/21,Delivered,6/17/21,24,6,2,2021,,Lemon Lavender 8oz 6pk,$9.00,,$9.00,64,$576.00,$576.00,-- ,$576.00,-- ,-- ,-- 
Essence Henderson,GTI,,6/14/21,Delivered,6/17/21,24,6,2,2021,,Blood Orange Cardamom 8oz 6pk,$9.00,,$9.00,72,$648.00,$648.00,-- ,$648.00,-- ,-- ,-- 
Essence Henderson,GTI,,6/14/21,Delivered,6/17/21,24,6,2,2021,,Grapefruit Rosemary 8oz 6pk,$9.00,,$9.00,48,$432.00,$432.00,-- ,$432.00,-- ,-- ,-- 
Essence Henderson,GTI,,6/14/21,Delivered,6/17/21,24,6,2,2021,,Ginger Lemongrass 8oz 4pk,$7.00,,$7.00,36,$252.00,$252.00,-- ,$252.00,-- ,-- ,-- 
Essence Henderson,GTI,,6/14/21,Delivered,6/17/21,24,6,2,2021,Free,Blood Orange Cardamom 8oz Single,$0.01,,$0.01,48,$72.00,$0.48,-- ,$0.48,($72),-- ,-- 
Essence Durango,GTI,,6/14/21,Delivered,6/17/21,24,6,2,2021,,Lemon Lavender 8oz 6pk,$9.00,,$9.00,12,$108.00,$108.00,-- ,$108.00,-- ,-- ,-- 
Essence Durango,GTI,,6/14/21,Delivered,6/17/21,24,6,2,2021,,Blood Orange Cardamom 8oz 6pk,$9.00,,$9.00,24,$216.00,$216.00,-- ,$216.00,-- ,-- ,-- 
Essence Durango,GTI,,6/14/21,Delivered,6/17/21,24,6,2,2021,,Grapefruit Rosemary 8oz 6pk,$9.00,,$9.00,12,$108.00,$108.00,-- ,$108.00,-- ,-- ,-- 
Essence Durango,GTI,,6/14/21,Delivered,6/17/21,24,6,2,2021,,Ginger Lemongrass 8oz 4pk,$7.00,,$7.00,24,$168.00,$168.00,-- ,$168.00,-- ,-- ,-- 
Essence Durango,GTI,,6/14/21,Delivered,6/17/21,24,6,2,2021,Free,Lemon Lavender 8oz Single,$0.01,,$0.01,192,$288.00,$1.92,-- ,$1.92,($286),-- ,-- 
Essence Durango,GTI,,6/14/21,Delivered,6/17/21,24,6,2,2021,Free,Blood Orange Cardamom 8oz Single,$0.01,,$0.01,168,$252.00,$1.68,-- ,$1.68,($250),-- ,-- 
Essence Durango,GTI,,6/14/21,Delivered,6/17/21,24,6,2,2021,Free,Grapefruit Rosemary 8oz Single,$0.01,,$0.01,216,$324.00,$2.16,-- ,$2.16,($322),-- ,-- 
Rise Spanish Springs,GTI,,6/14/21,Delivered,6/17/21,24,6,2,2021,,Lemon Lavender 8oz 6pk,$9.00,,$9.00,80,$720.00,$720.00,-- ,$720.00,-- ,-- ,-- 
Rise Spanish Springs,GTI,,6/14/21,Delivered,6/17/21,24,6,2,2021,,Blood Orange Cardamom 8oz 6pk,$9.00,,$9.00,72,$648.00,$648.00,-- ,$648.00,-- ,-- ,-- 
Rise Spanish Springs,GTI,,6/14/21,Delivered,6/17/21,24,6,2,2021,,Grapefruit Rosemary 8oz 6pk,$9.00,,$9.00,12,$108.00,$108.00,-- ,$108.00,-- ,-- ,-- 
Rise Spanish Springs,GTI,,6/14/21,Delivered,6/17/21,24,6,2,2021,Free,Lemon Lavender 8oz Single,$0.01,,$0.01,144,$216.00,$1.44,-- ,$1.44,($215),-- ,-- 
Rise Spanish Springs,GTI,,6/14/21,Delivered,6/17/21,24,6,2,2021,Free,Blood Orange Cardamom 8oz Single,$0.01,,$0.01,120,$180.00,$1.20,-- ,$1.20,($179),-- ,-- 
Rise Spanish Springs,GTI,,6/14/21,Delivered,6/17/21,24,6,2,2021,Free,Grapefruit Rosemary 8oz Single,$0.01,,$0.01,24,$36.00,$0.24,-- ,$0.24,($36),-- ,-- 
Rise Carson City,GTI,,6/14/21,Delivered,6/17/21,24,6,2,2021,,Lemon Lavender 8oz 6pk,$9.00,,$9.00,48,$432.00,$432.00,-- ,$432.00,-- ,-- ,-- 
Rise Carson City,GTI,,6/14/21,Delivered,6/17/21,24,6,2,2021,,Blood Orange Cardamom 8oz 6pk,$9.00,,$9.00,44,$396.00,$396.00,-- ,$396.00,-- ,-- ,-- 
Rise Carson City,GTI,,6/14/21,Delivered,6/17/21,24,6,2,2021,,Grapefruit Rosemary 8oz 6pk,$9.00,,$9.00,36,$324.00,$324.00,-- ,$324.00,-- ,-- ,-- 
Rise Carson City,GTI,,6/14/21,Delivered,6/17/21,24,6,2,2021,,Ginger Lemongrass 8oz 4pk,$7.00,,$7.00,24,$168.00,$168.00,-- ,$168.00,-- ,-- ,-- 
Rise Carson City,GTI,,6/14/21,Delivered,6/17/21,24,6,2,2021,,Ginger Lemongrass 12oz Single,$3.00,,$3.00,120,$360.00,$360.00,-- ,$360.00,-- ,-- ,-- 
Rise Carson City,GTI,,6/14/21,Delivered,6/17/21,24,6,2,2021,Free,Lemon Lavender 8oz Single,$0.01,,$0.01,216,$324.00,$2.16,-- ,$2.16,($322),-- ,-- 
Rise Carson City,GTI,,6/14/21,Delivered,6/17/21,24,6,2,2021,Free,Blood Orange Cardamom 8oz Single,$0.01,,$0.01,216,$324.00,$2.16,-- ,$2.16,($322),-- ,-- 
Rise Carson City,GTI,,6/14/21,Delivered,6/17/21,24,6,2,2021,Free,Grapefruit Rosemary 8oz Single,$0.01,,$0.01,216,$324.00,$2.16,-- ,$2.16,($322),-- ,-- 
The Source Henderson,The Source,,6/14/21,Delivered,6/17/21,24,6,2,2021,,Lemon Lavender 8oz 6pk,$9.00,,$9.00,30,$270.00,$270.00,-- ,$270.00,-- ,-- ,-- 
The Source Henderson,The Source,,6/14/21,Delivered,6/17/21,24,6,2,2021,,Blood Orange Cardamom 8oz 6pk,$9.00,,$9.00,30,$270.00,$270.00,-- ,$270.00,-- ,-- ,-- 
The Source Henderson,The Source,,6/14/21,Delivered,6/17/21,24,6,2,2021,,Grapefruit Rosemary 8oz 6pk,$9.00,,$9.00,30,$270.00,$270.00,-- ,$270.00,-- ,-- ,-- 
The Source Henderson,The Source,,6/14/21,Delivered,6/17/21,24,6,2,2021,B. Sample,Ginger Lemongrass 12oz Single,$0.01,,$0.01,48,$144.00,$0.48,-- ,$0.48,-- ,-- ,-- 
The Source Rainbow,The Source,,6/14/21,Delivered,6/17/21,24,6,2,2021,,Lemon Lavender 8oz 6pk,$9.00,,$9.00,55,$495.00,$495.00,-- ,$495.00,-- ,-- ,-- 
The Source Rainbow,The Source,,6/14/21,Delivered,6/17/21,24,6,2,2021,,Blood Orange Cardamom 8oz 6pk,$9.00,,$9.00,55,$495.00,$495.00,-- ,$495.00,-- ,-- ,-- 
The Source Rainbow,The Source,,6/14/21,Delivered,6/17/21,24,6,2,2021,,Grapefruit Rosemary 8oz 6pk,$9.00,,$9.00,55,$495.00,$495.00,-- ,$495.00,-- ,-- ,-- 
The Source Rainbow,The Source,,6/14/21,Delivered,6/17/21,24,6,2,2021,,Ginger Lemongrass 12oz Single,$3.00,,$3.00,20,$60.00,$60.00,-- ,$60.00,-- ,-- ,-- 
The Source Rainbow,The Source,,6/14/21,Delivered,6/17/21,24,6,2,2021,B. Sample,Ginger Lemongrass 12oz Single,$0.01,,$0.01,48,$144.00,$0.48,-- ,$0.48,-- ,-- ,-- 
The Source NLV,The Source,,6/14/21,Delivered,6/17/21,24,6,2,2021,,Lemon Lavender 8oz 6pk,$9.00,,$9.00,20,$180.00,$180.00,-- ,$180.00,-- ,-- ,-- 
The Source NLV,The Source,,6/14/21,Delivered,6/17/21,24,6,2,2021,,Blood Orange Cardamom 8oz 6pk,$9.00,,$9.00,20,$180.00,$180.00,-- ,$180.00,-- ,-- ,-- 
The Source NLV,The Source,,6/14/21,Delivered,6/17/21,24,6,2,2021,,Grapefruit Rosemary 8oz 6pk,$9.00,,$9.00,20,$180.00,$180.00,-- ,$180.00,-- ,-- ,-- 
The Source NLV,The Source,,6/14/21,Delivered,6/17/21,24,6,2,2021,,Ginger Lemongrass 12oz Single,$3.00,,$3.00,20,$60.00,$60.00,-- ,$60.00,-- ,-- ,-- 
Jenny's Dispensary North Las Vegas,Jenny's Dispensary,,6/14/21,Delivered,6/18/21,24,6,2,2021,Promo,Blood Orange Cardamom 8oz 6pk,$0.01,$5.40,$5.40,6,-- ,$32.40,-- ,$32.40,-- ,$32,($54)
Jenny's Dispensary North Las Vegas,Jenny's Dispensary,,6/14/21,Delivered,6/18/21,24,6,2,2021,Promo,Grapefruit Rosemary 8oz 6pk,$0.01,$5.40,$5.40,4,-- ,$21.60,-- ,$21.60,-- ,$22,($36)
Jenny's Dispensary North Las Vegas,Jenny's Dispensary,,6/14/21,Delivered,6/18/21,24,6,2,2021,Promo,Lemon Lavender 8oz 6pk,$0.01,$5.40,$5.40,6,-- ,$32.40,-- ,$32.40,-- ,$32,($54)
Jenny's Dispensary North Las Vegas,Jenny's Dispensary,,6/14/21,Delivered,6/18/21,24,6,2,2021,Promo,Ginger Lemongrass 8oz 4pk,$0.01,$4.20,$4.20,8,-- ,$33.60,-- ,$33.60,-- ,$34,($56)
Jenny's Dispensary North Las Vegas,Jenny's Dispensary,,6/14/21,Delivered,6/18/21,24,6,2,2021,Promo,Ginger Lemongrass 12oz Single,$0.01,$1.80,$1.80,12,-- ,$21.60,-- ,$21.60,-- ,$21,($36)
Las Vegas ReLeaf,Las Vegas Releaf,19678,6/10/21,Delivered,6/21/21,25,6,2,2021,,Lemon Lavender 8oz 6pk,$9.00,,$9.00,40,$360.00,$360.00,-- ,$360.00,-- ,-- ,-- 
Las Vegas ReLeaf,Las Vegas Releaf,19678,6/10/21,Delivered,6/21/21,25,6,2,2021,,Blood Orange Cardamom 8oz 6pk,$9.00,,$9.00,40,$360.00,$360.00,-- ,$360.00,-- ,-- ,-- 
Las Vegas ReLeaf,Las Vegas Releaf,19678,6/10/21,Delivered,6/21/21,25,6,2,2021,,Grapefruit Rosemary 8oz 6pk,$9.00,,$9.00,16,$144.00,$144.00,-- ,$144.00,-- ,-- ,-- 
The Dispensary Las Vegas,The Dispensary,,6/20/21,Delivered,6/23/21,25,6,2,2021,,Lemon Lavender 8oz 6pk,$9.00,,$9.00,6,$54.00,$54.00,,,,,
The Dispensary Las Vegas,The Dispensary,,6/20/21,Delivered,6/23/21,25,6,2,2021,,Blood Orange Cardamom 8oz 6pk,$9.00,,$9.00,3,$27.00,$27.00,,,,,
The Dispensary Las Vegas,The Dispensary,,6/20/21,Delivered,6/23/21,25,6,2,2021,,Ginger Lemongrass 8oz 4pk,$7.00,,$7.00,20,$140.00,$140.00,,,,,
The Dispensary Las Vegas,The Dispensary,,6/20/21,Delivered,6/23/21,25,6,2,2021,,Ginger Lemongrass 12oz Single,$3.00,,$3.00,26,$78.00,$78.00,,,,,
The Dispensary Las Vegas,The Dispensary,,6/20/21,Delivered,6/23/21,25,6,2,2021,Promo,Lemon Lavender 8oz 6pk,$0.01,$6.30,$6.30,20,-- ,$126.00,,,,,
The Dispensary Las Vegas,The Dispensary,,6/20/21,Delivered,6/23/21,25,6,2,2021,Promo,Blood Orange Cardamom 8oz 6pk,$0.01,$6.30,$6.30,20,-- ,$126.00,,,,,
The Dispensary Las Vegas,The Dispensary,,6/20/21,Delivered,6/23/21,25,6,2,2021,Promo,Ginger Lemongrass 8oz 4pk,$0.01,$6.30,$6.30,20,-- ,$126.00,,,,,
Mynt Downtown,Mynt,,6/20/21,Delivered,6/23/21,25,6,2,2021,,Blood Orange Cardamom 8oz 6pk,$9.00,,$9.00,27,$243.00,$243.00,-- ,$243.00,-- ,-- ,-- 
Mynt Downtown,Mynt,,6/21/21,Delivered,6/23/21,25,6,2,2021,,Lemon Lavender 8oz 6pk,$9.00,,$9.00,9,$81.00,$81.00,-- ,$81.00,-- ,-- ,-- 
Mynt Downtown,Mynt,,6/21/21,Delivered,6/23/21,25,6,2,2021,,Lemon Lavender 8oz 6pk,$9.00,$6.30,$6.30,20,$180.00,$126.00,-- ,$126.00,-- ,($54),-- 
Mynt Downtown,Mynt,,6/21/21,Delivered,6/23/21,25,6,2,2021,,Blood Orange Cardamom 8oz 6pk,$9.00,$6.30,$6.30,20,$180.00,$126.00,-- ,$126.00,-- ,($54),-- 
Mynt Downtown,Mynt,,6/21/21,Delivered,6/23/21,25,6,2,2021,,Grapefruit Rosemary 8oz 6pk,$9.00,$6.30,$6.30,20,$180.00,$126.00,-- ,$126.00,-- ,($54),-- 
Mynt Downtown,Mynt,,6/21/21,Delivered,6/23/21,25,6,2,2021,,Ginger Lemongrass 8oz 4pk,$7.00,,$7.00,15,$105.00,$105.00,-- ,$105.00,-- ,-- ,-- 
Mynt Downtown,Mynt,,6/21/21,Delivered,6/23/21,25,6,2,2021,,Ginger Lemongrass 12oz Single,$3.00,,$3.00,26,$78.00,$78.00,-- ,$78.00,-- ,-- ,-- 
Mynt North,Mynt,,6/21/21,Delivered,6/23/21,25,6,2,2021,,Lemon Lavender 8oz 6pk,$9.00,,$9.00,4,$36.00,$36.00,-- ,$36.00,-- ,-- ,-- 
Mynt North,Mynt,,6/21/21,Delivered,6/23/21,25,6,2,2021,,Blood Orange Cardamom 8oz 6pk,$9.00,,$9.00,4,$36.00,$36.00,-- ,$36.00,-- ,-- ,-- 
Mynt North,Mynt,,6/21/21,Delivered,6/23/21,25,6,2,2021,,Lemon Lavender 8oz 6pk,$9.00,$6.30,$6.30,20,$180.00,$126.00,-- ,$126.00,-- ,($54),-- 
Mynt North,Mynt,,6/21/21,Delivered,6/23/21,25,6,2,2021,,Blood Orange Cardamom 8oz 6pk,$9.00,$6.30,$6.30,20,$180.00,$126.00,-- ,$126.00,-- ,($54),-- 
Mynt North,Mynt,,6/21/21,Delivered,6/23/21,25,6,2,2021,,Grapefruit Rosemary 8oz 6pk,$9.00,$6.30,$6.30,20,$180.00,$126.00,-- ,$126.00,-- ,($54),-- 
Mynt North,Mynt,,6/21/21,Delivered,6/23/21,25,6,2,2021,,Ginger Lemongrass 8oz 4pk,$7.00,,$7.00,18,$126.00,$126.00,-- ,$126.00,-- ,-- ,-- 
Mynt North,Mynt,,6/21/21,Delivered,6/23/21,25,6,2,2021,,Ginger Lemongrass 12oz Single,$3.00,,$3.00,8,$24.00,$24.00,-- ,$24.00,-- ,-- ,-- 
The Dispensary Las Vegas,The Dispensary,,6/21/21,Delivered,6/23/21,25,6,2,2021,,Lemon Lavender 8oz 6pk,$9.00,,$9.00,3,$27.00,$27.00,-- ,$27.00,-- ,-- ,-- 
The Dispensary Las Vegas,The Dispensary,,6/21/21,Delivered,6/23/21,25,6,2,2021,,Blood Orange Cardamom 8oz 6pk,$9.00,,$9.00,6,$54.00,$54.00,-- ,$54.00,-- ,-- ,-- 
The Dispensary Las Vegas,The Dispensary,,6/21/21,Delivered,6/23/21,25,6,2,2021,,Blood Orange Cardamom 8oz 6pk,$9.00,$6.30,$6.30,20,$180.00,$126.00,-- ,$126.00,-- ,($54),-- 
The Dispensary Las Vegas,The Dispensary,,6/21/21,Delivered,6/23/21,25,6,2,2021,,Grapefruit Rosemary 8oz 6pk,$9.00,$6.30,$6.30,20,$180.00,$126.00,-- ,$126.00,-- ,($54),-- 
The Dispensary Las Vegas,The Dispensary,,6/21/21,Delivered,6/23/21,25,6,2,2021,,Lemon Lavender 8oz 6pk,$9.00,$6.30,$6.30,20,$180.00,$126.00,-- ,$126.00,-- ,($54),-- 
The Dispensary Las Vegas,The Dispensary,,6/21/21,Delivered,6/23/21,25,6,2,2021,,Ginger Lemongrass 8oz 4pk,$7.00,,$7.00,20,$140.00,$140.00,-- ,$140.00,-- ,-- ,-- 
The Dispensary Las Vegas,The Dispensary,,6/21/21,Delivered,6/23/21,25,6,2,2021,,Ginger Lemongrass 12oz Single,$3.00,,$3.00,26,$78.00,$78.00,-- ,$78.00,-- ,-- ,-- 
The Dispensary Eastern,The Dispensary,,6/21/21,Delivered,6/23/21,25,6,2,2021,,Lemon Lavender 8oz 6pk,$9.00,$6.30,$6.30,20,$180.00,$126.00,-- ,$126.00,-- ,($54),-- 
The Dispensary Eastern,The Dispensary,,6/21/21,Delivered,6/23/21,25,6,2,2021,,Blood Orange Cardamom 8oz 6pk,$9.00,$6.30,$6.30,20,$180.00,$126.00,-- ,$126.00,-- ,($54),-- 
The Dispensary Eastern,The Dispensary,,6/21/21,Delivered,6/23/21,25,6,2,2021,,Grapefruit Rosemary 8oz 6pk,$9.00,$6.30,$6.30,20,$180.00,$126.00,-- ,$126.00,-- ,($54),-- 
The Dispensary Eastern,The Dispensary,,6/21/21,Delivered,6/23/21,25,6,2,2021,,Ginger Lemongrass 8oz 4pk,$7.00,,$7.00,9,$63.00,$63.00,-- ,$63.00,-- ,-- ,-- 
The Dispensary Eastern,The Dispensary,,6/21/21,Delivered,6/23/21,25,6,2,2021,,Ginger Lemongrass 12oz Single,$3.00,,$3.00,11,$33.00,$33.00,-- ,$33.00,-- ,-- ,-- 
The Dispensary Henderson,The Dispensary,,6/21/21,Delivered,6/23/21,25,6,2,2021,,Lemon Lavender 8oz 6pk,$9.00,,$9.00,31,$279.00,$279.00,-- ,$279.00,-- ,-- ,-- 
The Dispensary Henderson,The Dispensary,,6/21/21,Delivered,6/23/21,25,6,2,2021,,Blood Orange Cardamom 8oz 6pk,$9.00,,$9.00,26,$234.00,$234.00,-- ,$234.00,-- ,-- ,-- 
The Dispensary Henderson,The Dispensary,,6/21/21,Delivered,6/23/21,25,6,2,2021,,Grapefruit Rosemary 8oz 6pk,$9.00,,$9.00,22,$198.00,$198.00,-- ,$198.00,-- ,-- ,-- 
The Dispensary Henderson,The Dispensary,,6/21/21,Delivered,6/23/21,25,6,2,2021,,Lemon Lavender 8oz 6pk,$9.00,$6.30,$6.30,20,$180.00,$126.00,-- ,$126.00,-- ,($54),-- 
The Dispensary Henderson,The Dispensary,,6/21/21,Delivered,6/23/21,25,6,2,2021,,Blood Orange Cardamom 8oz 6pk,$9.00,$6.30,$6.30,20,$180.00,$126.00,-- ,$126.00,-- ,($54),-- 
The Dispensary Henderson,The Dispensary,,6/21/21,Delivered,6/23/21,25,6,2,2021,,Grapefruit Rosemary 8oz 6pk,$9.00,$6.30,$6.30,20,$180.00,$126.00,-- ,$126.00,-- ,($54),-- 
The Dispensary Henderson,The Dispensary,,6/21/21,Delivered,6/23/21,25,6,2,2021,,Ginger Lemongrass 8oz 4pk,$7.00,,$7.00,15,$105.00,$105.00,-- ,$105.00,-- ,-- ,-- 
The Dispensary Henderson,The Dispensary,,6/21/21,Delivered,6/23/21,25,6,2,2021,,Ginger Lemongrass 12oz Single,$3.00,,$3.00,30,$90.00,$90.00,-- ,$90.00,-- ,-- ,-- 
Essence Tropicana,GTI,,6/22/21,Delivered,6/23/21,25,6,2,2021,,Lemon Lavender 8oz 6pk,$9.00,,$9.00,48,$432.00,$432.00,-- ,$432.00,-- ,-- ,-- 
Essence Tropicana,GTI,,6/22/21,Delivered,6/23/21,25,6,2,2021,,Blood Orange Cardamom 8oz 6pk,$9.00,,$9.00,60,$540.00,$540.00,-- ,$540.00,-- ,-- ,-- 
Essence Tropicana,GTI,,6/22/21,Delivered,6/23/21,25,6,2,2021,,Ginger Lemongrass 8oz 4pk,$7.00,,$7.00,40,$280.00,$280.00,-- ,$280.00,-- ,-- ,-- 
Essence Tropicana,GTI,,6/22/21,Delivered,6/23/21,25,6,2,2021,,Pineapple Jalapeño 8oz 6pk,$9.00,,$9.00,80,$720.00,$720.00,-- ,$720.00,-- ,-- ,-- 
Essence Tropicana,GTI,,6/22/21,Delivered,6/23/21,25,6,2,2021,Free,Lemon Lavender 8oz Single,$0.01,,$0.01,216,$324.00,$2.16,-- ,$2.16,($322),-- ,-- 
Essence Tropicana,GTI,,6/22/21,Delivered,6/23/21,25,6,2,2021,Free,Blood Orange Cardamom 8oz Single,$0.01,,$0.01,192,$288.00,$1.92,-- ,$1.92,($286),-- ,-- 
Essence Tropicana,GTI,,6/22/21,Delivered,6/23/21,25,6,2,2021,Free,Grapefruit Rosemary 8oz Single,$0.01,,$0.01,144,$216.00,$1.44,-- ,$1.44,($215),-- ,-- 
Essence Rainbow,GTI,,6/22/21,Delivered,6/23/21,25,6,2,2021,,Lemon Lavender 8oz 6pk,$9.00,,$9.00,84,$756.00,$756.00,-- ,$756.00,-- ,-- ,-- 
Essence Rainbow,GTI,,6/22/21,Delivered,6/23/21,25,6,2,2021,,Blood Orange Cardamom 8oz 6pk,$9.00,,$9.00,40,$360.00,$360.00,-- ,$360.00,-- ,-- ,-- 
Essence Rainbow,GTI,,6/22/21,Delivered,6/23/21,25,6,2,2021,,Ginger Lemongrass 12oz Single,$3.00,,$3.00,192,$576.00,$576.00,-- ,$576.00,-- ,-- ,-- 
Essence Rainbow,GTI,,6/22/21,Delivered,6/23/21,25,6,2,2021,,Pineapple Jalapeño 8oz 6pk,$9.00,,$9.00,60,$540.00,$540.00,-- ,$540.00,-- ,-- ,-- 
Essence Rainbow,GTI,,6/22/21,Delivered,6/23/21,25,6,2,2021,Free,Lemon Lavender 8oz Single,$0.01,,$0.01,144,$216.00,$1.44,-- ,$1.44,($215),-- ,-- 
Essence Rainbow,GTI,,6/22/21,Delivered,6/23/21,25,6,2,2021,Free,Blood Orange Cardamom 8oz Single,$0.01,,$0.01,192,$288.00,$1.92,-- ,$1.92,($286),-- ,-- 
Essence Rainbow,GTI,,6/22/21,Delivered,6/23/21,25,6,2,2021,Free,Grapefruit Rosemary 8oz Single,$0.01,,$0.01,240,$360.00,$2.40,-- ,$2.40,($358),-- ,-- 
Essence Henderson,GTI,,6/22/21,Delivered,6/23/21,25,6,2,2021,,Lemon Lavender 8oz 6pk,$9.00,,$9.00,88,$792.00,$792.00,-- ,$792.00,-- ,-- ,-- 
Essence Henderson,GTI,,6/22/21,Delivered,6/23/21,25,6,2,2021,,Blood Orange Cardamom 8oz 6pk,$9.00,,$9.00,72,$648.00,$648.00,-- ,$648.00,-- ,-- ,-- 
Essence Henderson,GTI,,6/22/21,Delivered,6/23/21,25,6,2,2021,,Ginger Lemongrass 8oz 4pk,$7.00,,$7.00,18,$126.00,$126.00,-- ,$126.00,-- ,-- ,-- 
Essence Henderson,GTI,,6/22/21,Delivered,6/23/21,25,6,2,2021,,Pineapple Jalapeño 8oz 6pk,$9.00,,$9.00,96,$864.00,$864.00,-- ,$864.00,-- ,-- ,-- 
Essence Henderson,GTI,,6/22/21,Delivered,6/23/21,25,6,2,2021,Free,Lemon Lavender 8oz Single,$0.01,,$0.01,40,$60.00,$0.40,-- ,$0.40,($60),-- ,-- 
Essence Henderson,GTI,,6/22/21,Delivered,6/23/21,25,6,2,2021,Free,Blood Orange Cardamom 8oz Single,$0.01,,$0.01,100,$150.00,$1.00,-- ,$1.00,($149),-- ,-- 
Essence Durango,GTI,,6/22/21,Delivered,6/23/21,25,6,2,2021,,Lemon Lavender 8oz 6pk,$9.00,,$9.00,40,$360.00,$360.00,-- ,$360.00,-- ,-- ,-- 
Essence Durango,GTI,,6/22/21,Delivered,6/23/21,25,6,2,2021,,Blood Orange Cardamom 8oz 6pk,$9.00,,$9.00,28,$252.00,$252.00,-- ,$252.00,-- ,-- ,-- 
Essence Durango,GTI,,6/22/21,Delivered,6/23/21,25,6,2,2021,,Ginger Lemongrass 12oz Single,$3.00,,$3.00,72,$216.00,$216.00,-- ,$216.00,-- ,-- ,-- 
Essence Durango,GTI,,6/22/21,Delivered,6/23/21,25,6,2,2021,,Pineapple Jalapeño 8oz 6pk,$9.00,,$9.00,60,$540.00,$540.00,-- ,$540.00,-- ,-- ,-- 
Essence Durango,GTI,,6/22/21,Delivered,6/23/21,25,6,2,2021,Free,Lemon Lavender 8oz Single,$0.01,,$0.01,96,$144.00,$0.96,-- ,$0.96,($143),-- ,-- 
Essence Durango,GTI,,6/22/21,Delivered,6/23/21,25,6,2,2021,Free,Grapefruit Rosemary 8oz Single,$0.01,,$0.01,72,$108.00,$0.72,-- ,$0.72,($107),-- ,-- 
Rise Spanish Springs,GTI,,6/22/21,Delivered,6/23/21,25,6,2,2021,,Lemon Lavender 8oz 6pk,$9.00,,$9.00,20,$180.00,$180.00,-- ,$180.00,-- ,-- ,-- 
Rise Spanish Springs,GTI,,6/22/21,Delivered,6/23/21,25,6,2,2021,,Blood Orange Cardamom 8oz 6pk,$9.00,,$9.00,20,$180.00,$180.00,-- ,$180.00,-- ,-- ,-- 
Rise Spanish Springs,GTI,,6/22/21,Delivered,6/23/21,25,6,2,2021,,Grapefruit Rosemary 8oz 6pk,$9.00,,$9.00,20,$180.00,$180.00,-- ,$180.00,-- ,-- ,-- 
Rise Spanish Springs,GTI,,6/22/21,Delivered,6/23/21,25,6,2,2021,Free,Grapefruit Rosemary 8oz Single,$0.01,,$0.01,144,$216.00,$1.44,-- ,$1.44,($215),-- ,-- 
Rise Spanish Springs,GTI,,6/22/21,Delivered,6/23/21,25,6,2,2021,Free,Blood Orange Cardamom 8oz Single,$0.01,,$0.01,72,$108.00,$0.72,-- ,$0.72,($107),-- ,-- 
Essence Henderson,GTI,,6/23/21,Delivered,6/23/21,25,6,2,2021,,Grapefruit Rosemary 8oz 6pk,$9.00,,$9.00,32,$288.00,$288.00,-- ,$288.00,-- ,-- ,-- 
Pisos,Pisos,,6/22/21,Delivered,6/24/21,25,6,2,2021,,Lemon Lavender 8oz 6pk,$9.00,$4.50,$4.50,40,$360.00,$180.00,-- ,$180.00,-- ,($180),-- 
Pisos,Pisos,,6/22/21,Delivered,6/24/21,25,6,2,2021,,Blood Orange Cardamom 8oz 6pk,$9.00,$4.50,$4.50,40,$360.00,$180.00,-- ,$180.00,-- ,($180),-- 
Pisos,Pisos,,6/22/21,Delivered,6/24/21,25,6,2,2021,,Grapefruit Rosemary 8oz 6pk,$9.00,$4.50,$4.50,40,$360.00,$180.00,-- ,$180.00,-- ,($180),-- 
Pisos,Pisos,,6/22/21,Delivered,6/24/21,25,6,2,2021,,Ginger Lemongrass 12oz Single,$3.00,$1.00,$1.00,120,$360.00,$120.00,-- ,$120.00,-- ,($240),-- 
Pisos,Pisos,,6/22/21,Delivered,6/24/21,25,6,2,2021,,Ginger Lemongrass 8oz 4pk,$7.00,$3.00,$3.00,24,$168.00,$72.00,-- ,$72.00,-- ,($96),-- 
Rise Carson City,GTI,,6/22/21,Delivered,6/24/21,25,6,2,2021,,Grapefruit Rosemary 8oz 6pk,$9.00,,$9.00,48,$432.00,$432.00,-- ,$432.00,-- ,-- ,-- 
Rise Carson City,GTI,,6/22/21,Delivered,6/24/21,25,6,2,2021,,Ginger Lemongrass 12oz Single,$3.00,,$3.00,144,$432.00,$432.00,-- ,$432.00,-- ,-- ,-- 
Rise Carson City,GTI,,6/22/21,Delivered,6/24/21,25,6,2,2021,Free,Lemon Lavender 8oz Single,$0.01,,$0.01,144,$216.00,$1.44,-- ,$1.44,($215),-- ,-- 
Rise Carson City,GTI,,6/22/21,Delivered,6/24/21,25,6,2,2021,Free,Blood Orange Cardamom 8oz Single,$0.01,,$0.01,72,$108.00,$0.72,-- ,$0.72,($107),-- ,-- 
Rise Carson City,GTI,,6/22/21,Delivered,6/24/21,25,6,2,2021,Free,Grapefruit Rosemary 8oz Single,$0.01,,$0.01,192,$288.00,$1.92,-- ,$1.92,($286),-- ,-- 
Essence Durango,GTI,,6/23/21,Delivered,6/24/21,25,6,2,2021,Free,Blood Orange Cardamom 8oz Single,$0.01,,$0.01,144,$216.00,$1.44,-- ,$1.44,($215),-- ,-- 
Rise Spanish Springs,GTI,,6/23/21,Delivered,6/24/21,25,6,2,2021,,Ginger Lemongrass 12oz Single,$3.00,,$3.00,24,$72.00,$72.00,-- ,$72.00,-- ,-- ,-- 
Rise Spanish Springs,GTI,,6/23/21,Delivered,6/24/21,25,6,2,2021,Free,Lemon Lavender 8oz Single,$0.01,,$0.01,72,$108.00,$0.72,-- ,$0.72,($107),-- ,-- 
The Dispensary Reno,The Dispensary,,6/21/21,Delivered,6/28/21,26,6,2,2021,,Lemon Lavender 8oz 6pk,$9.00,,$9.00,52,$468.00,$468.00,-- ,$468.00,-- ,-- ,-- 
The Dispensary Reno,The Dispensary,,6/21/21,Delivered,6/28/21,26,6,2,2021,,Blood Orange Cardamom 8oz 6pk,$9.00,,$9.00,38,$342.00,$342.00,-- ,$342.00,-- ,-- ,-- 
The Dispensary Reno,The Dispensary,,6/21/21,Delivered,6/28/21,26,6,2,2021,,Grapefruit Rosemary 8oz 6pk,$9.00,,$9.00,20,$180.00,$180.00,-- ,$180.00,-- ,-- ,-- 
The Dispensary Reno,The Dispensary,,6/21/21,Delivered,6/28/21,26,6,2,2021,,Lemon Lavender 8oz 6pk,$9.00,$6.30,$6.30,20,$180.00,$126.00,-- ,$126.00,-- ,($54),-- 
The Dispensary Reno,The Dispensary,,6/21/21,Delivered,6/28/21,26,6,2,2021,,Blood Orange Cardamom 8oz 6pk,$9.00,$6.30,$6.30,20,$180.00,$126.00,-- ,$126.00,-- ,($54),-- 
The Dispensary Reno,The Dispensary,,6/21/21,Delivered,6/28/21,26,6,2,2021,,Grapefruit Rosemary 8oz 6pk,$9.00,$6.30,$6.30,20,$180.00,$126.00,-- ,$126.00,-- ,($54),-- 
The Dispensary Reno,The Dispensary,,6/21/21,Delivered,6/28/21,26,6,2,2021,,Ginger Lemongrass 8oz 4pk,$7.00,,$7.00,24,$168.00,$168.00,-- ,$168.00,-- ,-- ,-- 
The Dispensary Reno,The Dispensary,,6/21/21,Delivered,6/28/21,26,6,2,2021,,Ginger Lemongrass 12oz Single,$3.00,,$3.00,26,$78.00,$78.00,-- ,$78.00,-- ,-- ,-- 
The Dispensary Henderson,The Dispensary,,6/23/21,Delivered,6/28/21,26,6,2,2021,,Pineapple Jalapeño 8oz 6pk,$9.00,,$9.00,65,$585.00,$585.00,-- ,$585.00,-- ,-- ,-- 
The Dispensary Las Vegas,The Dispensary,,6/23/21,Delivered,6/28/21,26,6,2,2021,,Pineapple Jalapeño 8oz 6pk,$9.00,,$9.00,35,$315.00,$315.00,-- ,$315.00,-- ,-- ,-- 
The Dispensary Eastern,The Dispensary,,6/23/21,Delivered,6/28/21,26,6,2,2021,,Pineapple Jalapeño 8oz 6pk,$9.00,,$9.00,25,$225.00,$225.00,-- ,$225.00,-- ,-- ,-- 
The Dispensary Reno,The Dispensary,,6/23/21,Delivered,6/28/21,26,6,2,2021,,Pineapple Jalapeño 8oz 6pk,$9.00,,$9.00,50,$450.00,$450.00,-- ,$450.00,-- ,-- ,-- 
Mynt Downtown,Mynt,,6/23/21,Delivered,6/28/21,26,6,2,2021,,Pineapple Jalapeño 8oz 6pk,$9.00,,$9.00,35,$315.00,$315.00,-- ,$315.00,-- ,-- ,-- 
Mynt North,Mynt,,6/23/21,Delivered,6/28/21,26,6,2,2021,,Pineapple Jalapeño 8oz 6pk,$9.00,,$9.00,25,$225.00,$225.00,-- ,$225.00,-- ,-- ,-- 
Green Cannabis ,Green Cannabis ,,6/23/21,Delivered,6/28/21,26,6,2,2021,,Lemon Lavender 8oz 6pk,$9.00,,$9.00,16,$144.00,$144.00,-- ,$144.00,-- ,-- ,-- 
Green Cannabis ,Green Cannabis ,,6/23/21,Delivered,6/28/21,26,6,2,2021,,Blood Orange Cardamom 8oz 6pk,$9.00,,$9.00,16,$144.00,$144.00,-- ,$144.00,-- ,-- ,-- 
Green Cannabis ,Green Cannabis ,,6/23/21,Delivered,6/28/21,26,6,2,2021,,Grapefruit Rosemary 8oz 6pk,$9.00,,$9.00,12,$108.00,$108.00,($36.00),$72.00,-- ,-- ,-- 
Exhale,Exhale,,6/24/21,Delivered,6/28/21,26,6,2,2021,,Blood Orange Cardamom 8oz 6pk,$9.00,,$9.00,150,"$1,350.00","$1,350.00",-- ,"$1,350.00",-- ,-- ,-- 
Exhale,Exhale,,6/24/21,Delivered,6/28/21,26,6,2,2021,,Grapefruit Rosemary 8oz 6pk,$9.00,,$9.00,40,$360.00,$360.00,-- ,$360.00,-- ,-- ,-- 
Exhale,Exhale,,6/24/21,Delivered,6/28/21,26,6,2,2021,,Pineapple Jalapeño Hi Boy 12oz 4pk,$10.00,,$10.00,70,$700.00,$700.00,-- ,$700.00,-- ,-- ,-- 
Exhale,Exhale,,6/24/21,Delivered,6/28/21,26,6,2,2021,,Pineapple Jalapeño 8oz 6pk,$9.00,,$9.00,40,$360.00,$360.00,-- ,$360.00,-- ,-- ,-- 
Apothecarium,Apothecarium,,6/24/21,Delivered,6/28/21,26,6,2,2021,,Grapefruit Rosemary 8oz 6pk,$9.00,,$9.00,20,$180.00,$180.00,,$180.00,-- ,-- ,-- 
Apothecarium,Apothecarium,,6/24/21,Delivered,6/28/21,26,6,2,2021,,Ginger Lemongrass 12oz Single,$3.00,,$3.00,90,$270.00,$270.00,,$270.00,-- ,-- ,-- 
Las Vegas ReLeaf,Las Vegas Releaf,,6/24/21,Delivered,6/28/21,26,6,2,2021,,Pineapple Jalapeño 8oz 6pk,$9.00,,$9.00,100,$900.00,$900.00,,$900.00,-- ,-- ,-- 
Jenny's Dispensary North Las Vegas,Jenny's Dispensary,,6/25/21,Delivered,6/28/21,26,6,2,2021,,Lemon Lavender 8oz 6pk,$9.00,,$9.00,40,$360.00,$360.00,($110.00),$250.00,-- ,-- ,-- 
Jenny's Dispensary North Las Vegas,Jenny's Dispensary,,6/25/21,Delivered,6/28/21,26,6,2,2021,,Grapefruit Rosemary 8oz 6pk,$9.00,,$9.00,15,$135.00,$135.00,-- ,$135.00,-- ,-- ,-- 
Jenny's Dispensary North Las Vegas,Jenny's Dispensary,,6/25/21,Delivered,6/28/21,26,6,2,2021,,Ginger Lemongrass 12oz Single,$3.00,,$3.00,60,$180.00,$180.00,-- ,$180.00,-- ,-- ,-- 
Apothecarium,Apothecarium,,6/24/21,Delivered,6/29/21,26,6,2,2021,,Pineapple Jalapeño 8oz 6pk,$9.00,,$9.00,50,$450.00,$450.00,,$450.00,-- ,-- ,-- 
Apothecarium,Las Vegas Releaf,,6/24/21,Delivered,6/29/21,26,6,2,2021,,Pineapple Jalapeño Hi Boy 12oz 4pk,$10.00,,$10.00,20,$200.00,$200.00,,$200.00,-- ,-- ,-- 
Las Vegas ReLeaf,MedMen,,6/24/21,Delivered,6/29/21,26,6,2,2021,,Pineapple Jalapeño Hi Boy 12oz 4pk,$10.00,,$10.00,50,$500.00,$500.00,,$500.00,-- ,-- ,-- 
MedMen Paradise,MedMen,,6/24/21,Delivered,6/29/21,26,6,2,2021,,Lemon Lavender 8oz 6pk,$9.00,,$9.00,20,$180.00,$180.00,,$180.00,-- ,-- ,-- 
MedMen Paradise,MedMen,,6/24/21,Delivered,6/29/21,26,6,2,2021,,Blood Orange Cardamom 8oz 6pk,$9.00,,$9.00,40,$360.00,$360.00,,$360.00,-- ,-- ,-- 
MedMen Paradise,MedMen,,6/24/21,Delivered,6/29/21,26,6,2,2021,,Ginger Lemongrass 12oz Single,$3.00,,$3.00,60,$180.00,$180.00,,$180.00,-- ,-- ,-- 
MedMen Paradise,MedMen,,6/24/21,Delivered,6/29/21,26,6,2,2021,,Ginger Lemongrass 8oz 4pk,$7.00,,$7.00,20,$140.00,$140.00,,$140.00,-- ,-- ,-- 
MedMen Paradise,MedMen,,6/24/21,Delivered,6/29/21,26,6,2,2021,,Pineapple Jalapeño 8oz 6pk,$9.00,,$9.00,100,$900.00,$900.00,,$900.00,-- ,-- ,-- 
MedMen Paradise,MedMen,,6/24/21,Delivered,6/29/21,26,6,2,2021,,Pineapple Jalapeño Hi Boy 12oz 4pk,$10.00,,$10.00,78,$780.00,$780.00,,$780.00,-- ,-- ,-- 
MedMen Spring Valley,MedMen,,6/24/21,Delivered,6/29/21,26,6,2,2021,,Grapefruit Rosemary 8oz 6pk,$9.00,,$9.00,20,$180.00,$180.00,,$180.00,-- ,-- ,-- 
MedMen Spring Valley,MedMen,,6/24/21,Delivered,6/29/21,26,6,2,2021,,Pineapple Jalapeño 8oz 6pk,$9.00,,$9.00,20,$180.00,$180.00,,$180.00,-- ,-- ,-- 
MedMen Spring Valley,MedMen,,6/24/21,Delivered,6/29/21,26,6,2,2021,,Pineapple Jalapeño Hi Boy 12oz 4pk,$10.00,,$10.00,18,$180.00,$180.00,,$180.00,-- ,-- ,-- 
MedMen DTLV,Nuwu,,6/24/21,Delivered,6/29/21,26,6,2,2021,,Pineapple Jalapeño 8oz 6pk,$9.00,,$9.00,60,$540.00,$540.00,,$540.00,-- ,-- ,-- 
MedMen DTLV,The Source,,6/24/21,Delivered,6/29/21,26,6,2,2021,,Pineapple Jalapeño Hi Boy 12oz 4pk,$10.00,,$10.00,42,$420.00,$420.00,,$420.00,-- ,-- ,-- 
NuWu,The Source,,6/25/21,Delivered,6/29/21,26,6,2,2021,,Pineapple Jalapeño 8oz 6pk,$9.00,,$9.00,60,$540.00,$540.00,-- ,$540.00,-- ,-- ,-- 
NuWu,The Source,,6/25/21,Delivered,6/29/21,26,6,2,2021,,Pineapple Jalapeño Hi Boy 12oz 4pk,$10.00,,$10.00,48,$480.00,$480.00,-- ,$480.00,-- ,-- ,-- 
The Source NLV,The Source,,6/21/21,Delivered,6/30/21,26,6,2,2021,,Lemon Lavender 8oz 6pk,$9.00,,$9.00,20,$180.00,$180.00,-- ,$180.00,-- ,-- ,-- 
The Source NLV,MedMen,,6/21/21,Delivered,6/30/21,26,6,2,2021,,Blood Orange Cardamom 8oz 6pk,$9.00,,$9.00,20,$180.00,$180.00,-- ,$180.00,-- ,-- ,-- 
The Source NLV,MedMen,,6/21/21,Delivered,6/30/21,26,6,2,2021,,Grapefruit Rosemary 8oz 6pk,$9.00,,$9.00,20,$180.00,$180.00,-- ,$180.00,-- ,-- ,-- 
The Source NLV,Jardin,,6/21/21,Delivered,6/30/21,26,6,2,2021,,Ginger Lemongrass 12oz Single,$3.00,,$3.00,20,$60.00,$60.00,-- ,$60.00,-- ,-- ,-- 
MedMen DTLV,MedMen,,6/24/21,Delivered,6/30/21,26,6,2,2021,,Blood Orange Cardamom 8oz 6pk,$9.00,,$9.00,20,$180.00,$180.00,,$180.00,-- ,-- ,-- 
MedMen DTLV,Nuwu,,6/24/21,Delivered,6/30/21,26,6,2,2021,,Ginger Lemongrass 12oz Single,$3.00,,$3.00,48,$144.00,$144.00,,$144.00,-- ,-- ,-- 
Jardin,Apothecarium,,6/25/21,Delivered,6/30/21,26,6,2,2021,,Pineapple Jalapeño 8oz 6pk,$9.00,,$9.00,30,$270.00,$270.00,-- ,$270.00,-- ,-- ,-- 
The Dispensary Henderson,The Dispensary,,6/25/21,Delivered,6/30/21,26,6,2,2021,,Pineapple Jalapeño Hi Boy 12oz 4pk,$10.00,,$10.00,65,$650.00,$650.00,-- ,$650.00,,,
The Dispensary Las Vegas,The Dispensary,,6/25/21,Delivered,6/30/21,26,6,2,2021,,Pineapple Jalapeño Hi Boy 12oz 4pk,$10.00,,$10.00,35,$350.00,$350.00,-- ,$350.00,,,
The Dispensary Eastern,The Dispensary,,6/25/21,Delivered,6/30/21,26,6,2,2021,,Pineapple Jalapeño Hi Boy 12oz 4pk,$10.00,,$10.00,25,$250.00,$250.00,-- ,$250.00,,,
The Dispensary Reno,The Dispensary,,6/25/21,Delivered,6/30/21,26,6,2,2021,,Pineapple Jalapeño Hi Boy 12oz 4pk,$10.00,,$10.00,50,$500.00,$500.00,-- ,$500.00,,,
Mynt Downtown,Mynt,,6/25/21,Delivered,6/30/21,26,6,2,2021,,Pineapple Jalapeño Hi Boy 12oz 4pk,$10.00,,$10.00,35,$350.00,$350.00,-- ,$350.00,,,
Mynt North,Mynt,,6/25/21,Delivered,6/30/21,26,6,2,2021,,Pineapple Jalapeño Hi Boy 12oz 4pk,$10.00,,$10.00,25,$250.00,$250.00,-- ,$250.00,,,
Thrive North Las Vegas,Thrive,,6/25/21,Delivered,6/30/21,26,6,2,2021,,Blood Orange Cardamom 8oz 6pk,$9.00,$7.20,$7.20,40,$360.00,$288.00,-- ,$288.00,,,
Thrive North Las Vegas,Thrive,,6/25/21,Delivered,6/30/21,26,6,2,2021,,Grapefruit Rosemary 8oz 6pk,$9.00,$7.20,$7.20,32,$288.00,$230.40,-- ,$230.40,,,
Thrive North Las Vegas,Thrive,,6/25/21,Delivered,6/30/21,26,6,2,2021,,Lemon Lavender 8oz 6pk,$9.00,$7.20,$7.20,40,$360.00,$288.00,-- ,$288.00,,,
Thrive North Las Vegas,Thrive,,6/25/21,Delivered,6/30/21,26,6,2,2021,,Ginger Lemongrass 12oz Single,$3.00,,$3.00,192,$576.00,$576.00,-- ,$576.00,,,
Thrive North Las Vegas,Thrive,,6/25/21,Delivered,6/30/21,26,6,2,2021,,Pineapple Jalapeño Hi Boy 12oz 4pk,$10.00,,$10.00,60,$600.00,$600.00,-- ,$600.00,,,
Thrive North Las Vegas,Thrive,,6/25/21,Delivered,6/30/21,26,6,2,2021,,Pineapple Jalapeño 8oz 6pk,$9.00,$7.20,$7.20,32,$288.00,$230.40,-- ,$230.40,,,
Thrive Reno,Thrive,,6/25/21,Delivered,6/30/21,26,6,2,2021,,Blood Orange Cardamom 8oz 6pk,$9.00,$7.20,$7.20,40,$360.00,$288.00,-- ,$288.00,,,
Thrive Reno,Thrive,,6/25/21,Delivered,6/30/21,26,6,2,2021,,Grapefruit Rosemary 8oz 6pk,$9.00,$7.20,$7.20,32,$288.00,$230.40,-- ,$230.40,,,
Thrive Reno,Thrive,,6/25/21,Delivered,6/30/21,26,6,2,2021,,Lemon Lavender 8oz 6pk,$9.00,$7.20,$7.20,40,$360.00,$288.00,-- ,$288.00,,,
Thrive Reno,Thrive,,6/25/21,Delivered,6/30/21,26,6,2,2021,,Ginger Lemongrass 12oz Single,$3.00,$2.40,$2.40,192,$576.00,$460.80,-- ,$460.80,,,
Thrive Reno,Thrive,,6/25/21,Delivered,6/30/21,26,6,2,2021,,Pineapple Jalapeño Hi Boy 12oz 4pk,$10.00,$8.00,$8.00,60,$600.00,$480.00,-- ,$480.00,,,
Thrive Reno,Thrive,,6/25/21,Delivered,6/30/21,26,6,2,2021,,Pineapple Jalapeño 8oz 6pk,$9.00,$7.20,$7.20,32,$288.00,$230.40,-- ,$230.40,,,
Thrive West Sahara,Thrive,,6/25/21,Delivered,6/30/21,26,6,2,2021,,Blood Orange Cardamom 8oz 6pk,$9.00,$7.20,$7.20,24,$216.00,$172.80,-- ,$172.80,,,
Thrive West Sahara,Thrive,,6/25/21,Delivered,6/30/21,26,6,2,2021,,Grapefruit Rosemary 8oz 6pk,$9.00,$7.20,$7.20,16,$144.00,$115.20,-- ,$115.20,,,
Thrive West Sahara,Thrive,,6/25/21,Delivered,6/30/21,26,6,2,2021,,Lemon Lavender 8oz 6pk,$9.00,$7.20,$7.20,40,$360.00,$288.00,-- ,$288.00,,,
Thrive West Sahara,Thrive,,6/25/21,Delivered,6/30/21,26,6,2,2021,,Ginger Lemongrass 12oz Single,$3.00,$2.40,$2.40,192,$576.00,$460.80,-- ,$460.80,,,
Thrive West Sahara,Thrive,,6/25/21,Delivered,6/30/21,26,6,2,2021,,Pineapple Jalapeño Hi Boy 12oz 4pk,$10.00,$8.00,$8.00,60,$600.00,$480.00,-- ,$480.00,,,
Thrive West Sahara,Thrive,,6/25/21,Delivered,6/30/21,26,6,2,2021,,Pineapple Jalapeño 8oz 6pk,$9.00,$7.20,$7.20,16,$144.00,$115.20,-- ,$115.20,,,
Thrive Southern Highlands,Thrive,,6/25/21,Delivered,6/30/21,26,6,2,2021,,Blood Orange Cardamom 8oz 6pk,$9.00,$7.20,$7.20,32,$288.00,$230.40,-- ,$230.40,,,
Thrive Southern Highlands,Thrive,,6/25/21,Delivered,6/30/21,26,6,2,2021,,Grapefruit Rosemary 8oz 6pk,$9.00,$7.20,$7.20,20,$180.00,$144.00,-- ,$144.00,,,
Thrive Southern Highlands,Thrive,,6/25/21,Delivered,6/30/21,26,6,2,2021,,Lemon Lavender 8oz 6pk,$9.00,$7.20,$7.20,20,$180.00,$144.00,-- ,$144.00,,,
Thrive Southern Highlands,Thrive,,6/25/21,Delivered,6/30/21,26,6,2,2021,,Ginger Lemongrass 12oz Single,$3.00,$2.40,$2.40,192,$576.00,$460.80,-- ,$460.80,,,
Thrive Southern Highlands,Thrive,,6/25/21,Delivered,6/30/21,26,6,2,2021,,Pineapple Jalapeño Hi Boy 12oz 4pk,$10.00,$8.00,$8.00,60,$600.00,$480.00,-- ,$480.00,,,
Thrive Southern Highlands,Thrive,,6/25/21,Delivered,6/30/21,26,6,2,2021,,Pineapple Jalapeño 8oz 6pk,$9.00,$7.20,$7.20,20,$180.00,$144.00,-- ,$144.00,,,